2932 5032
222 1285 415 1395 Postquam
440 1335 470 1380 a.
497 1321 580 1382 1877
605 1315 813 1382 Henricus
844 1316 1047 1383 Schaeier
1074 1317 1108 1382 in
1138 1317 1255 1383 disser-

136 1423 260 1488 tatione
290 1408 479 1504 inaugurali
507 1421 726 1506 Gottingensi‚
758 1442 841 1503 quae
870 1422 1059 1489 inscribitur
1091 1425 1150 1510 „de
1181 1445 1256 1490 uon-

77 1567 80 1571 <
133 1532 292 1596 nullarum
322 1532 556 1612 particularum
588 1532 676 1612 apud
706 1531 942 1613 Antiphontem
971 1535 1049 1597 usu“
1085 1532 1183 1598 etiam
1215 1533 1254 1599 de

133 1637 174 1702 iis
201 1638 382 1720 partientis
415 1657 495 1718 quas
525 1639 720 1704 tractandas
749 1638 837 1705 mihi.
855 1638 1017 1721 proposui,
1048 1639 1131 1728 egit,
1152 1641 1255 1705 denuo

136 1744 177 1810 de
201 1763 312 1810 earum
330 1763 443 1810 vocum
467 1764 526 1811 usu
550 1745 636 1826 apud
655 1745 915 1826 antiquissimum
938 1745 1120 1811 innumero
1144 1747 1255 1812 decem

136 1857 298 1917 oratorum
319 1870 477 1931 quaerere
496 1870 774 1933 supervacaneum
798 1870 871 1917 esse
895 1851 973 1916 mihi
990 1852 1132 1918 videtur.
1163 1852 1255 1935 Quae

136 1980 207 2026 eum
238 1960 287 2025 ita
323 1960 390 2025 sint
420 1959 655 2042 Antiphontem
692 1960 784 2026 omisi
822 1964 857 2026 et
893 1966 1019 2026 tantum
1057 1961 1254 2043 posteriores
1385 1976 1388 1981 ·

135 2071 283 2132 oratores
305 2066 512 2148 perlustravi.

557 2317 759 2404 CAPUT
801 2319 832 2402 Ι.

535 2544 585 2611 De
607 2519 781 2630 particula
803 2571 844 2611 τε.

222 2670 423 2736 Particulam
461 2695 493 2734 τε
533 2671 619 2752 apud
667 2669 910 2751 antiquissimos
953 2656 1069 2752 poetes
1109 2670 1254 2738 Graecos

133 2777 323 2860 saepissime
346 2776 587 2859 pronominibus
610 2776 760 2843 relativis
784 2776 917 2859 adiungi
940 2776 1026 2842 inter
1050 2797 1160 2844 omnes
1183 2798 1254 2845 con-

132 2889 215 2967 stat3
249 2903 332 2964 quae
363 2885 535 2950 verborum
568 2883 750 2949 coniunctio
786 2882 957 2965 paullatim
993 2887 1183 2974 rarescebat
1220 2891 1254 2952 et

135 2991 221 3072 apud
258 2989 457 3072 posteriores
494 2988 670 3071 scriptores
707 2988 837 3055 Atticos
873 3008 1010 3071 parvum
1054 2989 1141 3055 illius
1177 3010 1254 3057 usus

135 3096 309 3181 vestigium
339 3096 514 3178 iuvenitur,
544 3096 578 3162 in
606 3095 716 3163 verbis
744 3098 833 3171 ὥστε,
868 3098 915 3180 ἐφ’
932 3095 1001 3179 pize,
1033 3099 1094 3172 ἅτε,
1125 3099 1193 3162 οἷόν
1222 3122 1254 3162 τε

133 3205 219 3279 εἶναι,
245 3204 359 3284 quibus
379 3223 419 3269 ex
438 3203 571 3270 vocibus
594 3204 662 3267 οἷόν
684 3229 716 3268 τε
734 3203 809 3268 εἶναι
833 3207 867 3269 et
885 3205 968 3278 ὥστε
987 3223 1087 3285 saepe
1106 3209 1254 3271 oratores

133 3314 301 3392 usurpant,
326 3309 492 3375 rarissime
524 3312 572 3394 dei
590 3307 651 3393 qize
674 3314 709 3375 et
732 3313 795 3375 ἅτε.
840 3310 887 3376 Ut
910 3310 997 3392 apud
1019 3310 1253 3392 Antiphontem

133 3418 182 3483 ita
210 3418 297 3500 apud
321 3415 521 3482 Andocidem
548 3418 630 3483 haec
652 3417 814 3483 vocabula
843 3421 974 3499 praesto
1004 3436 1070 3483 non
1093 3422 1169 3483 sunt
1191 3417 1255 3484 nisi

133 3526 215 3588 ὥστε
239 3528 274 3589 et
297 3524 418 3588 οἷόντε
441 3522 526 3587 εἶναι.
573 3521 692 3588 Omnes
710 3523 807 3604 locos,
829 3522 944 3603 quibus
961 3521 1043 3589 illud
1061 3525 1252 3590 vocabulum

133 3635 254 3712 exstat,
288 3649 478 3696 enumerare
510 3631 640 3713 longum
674 3648 746 3696 esse
777 3628 857 3695 mihi
888 3628 1034 3696 videtur:
1066 3631 1188 3714 legitur
1220 3631 1254 3697 in

133 3742 215 3802 orat.
242 3738 368 3803 I—III
395 3737 497 3805 vicies
528 3742 644 3817 quater
676 3742 710 3802 et
736 3736 770 3802 iu
785 3819 787 3824 Ι
803 3741 886 3802 orat.
917 3737 964 3802 IV
994 3742 1111 3817 quater
1145 3738 1254 3805 decies

133 3844 182 3930 (in
215 3843 234 3930 ξ
263 3851 282 3910 9
314 3840 390 3911 libri
422 3845 582 3925 praebent
614 3846 670 3919 ὡς,
705 3844 789 3924 quod
822 3843 1009 3910 emendavit
1042 3843 1253 3930 Stephanus).

132 3951 252 4017 Rarius
275 3949 462 4016 Andocides
484 3969 561 4015 usus
586 3954 637 4016 est
661 3951 729 4013 οἷόν
752 3974 784 4013 τε
806 3949 898 4015 ebor:
920 3951 947 4032 I,
969 3956 986 4015 7
1009 3949 1098 4037 (bis),
1122 3957 1174 4034 20,
1195 3956 1252 4034 86;

132 4059 174 4140 II,
213 4065 243 4143 3,
283 4064 342 4142 263
377 4064 419 4123 20
452 4055 637 4138 Stephanus
669 4061 760 4122 recte
792 4057 860 4120 οἷόν
893 4059 928 4140 γέ
958 4059 1017 4140 μοί
1046 4059 1124 4122 ἔστιν
1160 4060 1254 4123 εἰπεῖν

132 4166 272 4234 mutavit
302 4165 336 4232 in
365 4166 517 4230 οἷόντε.
545 4216 584 4229 ..
631 4165 770 4231 Praeter
797 4166 883 4230 hunc
912 4165 1017 4231 locum
1045 4166 1071 4249 Ι,
1098 4173 1139 4232 20
1167 4165 1253 4233 inter

132 4272 255 4336 οἷόντε
283 4276 317 4336 et
339 4270 415 4336 εἶναι
438 4269 547 4353 posita
571 4275 646 4337 sunt
676 4270 743 4337 alia
765 4271 868 4337 verba
893 4270 1028 4355 (οἷόντε
1052 4272 1081 4336 δ’
1098 4273 1158 4336 οὐκ
1188 4272 1251 4357 ἦν).

137 4415 174 4428 -
199 4377 238 4446 In
262 4381 345 4445 orat.
368 4378 419 4447 III
443 4383 478 4446 et
499 4377 546 4453 IV
569 4378 636 4443 οἷόν
658 4403 689 4444 τε
711 4378 788 4442 εἶναι
810 4382 942 4469 praesto
966 4396 1030 4452 non
1053 4383 1113 4451 est.
