2932 5032
179 350 226 419 14

174 557 353 624 defendunt
387 577 427 624 ea
457 577 504 642 re,
543 556 628 640 quod
665 557 830 641 particula
865 585 897 624 τε
934 557 1095 627 collocata
1138 564 1191 628 est
1226 566 1305 646 post

175 684 302 747 nomen,
330 684 394 731 non
421 671 496 747 post
520 665 703 746 articulum,
727 672 903 748 praeterea
930 669 1037 751 XVII,
1069 676 1088 735 2
1119 672 1150 733 οἱ
1178 673 1303 753 μᾶλλόν

174 798 205 836 τε
224 775 305 856 ἐμοῦ
324 773 439 844 εἰδότες
456 774 510 837 καὶ
528 776 820 856 παραγεγενημένοι
843 825 849 837 .
870 825 876 837 .
897 825 903 838 .
924 826 931 838 .
950 775 1156 858 Praepositio
1182 777 1301 844 addita

175 884 226 946 est
257 879 409 946 membris
442 879 620 946 coniunctis
651 905 772 944 τε-τε
803 881 903 946 semel
936 880 1028 966 (XII,
1063 883 1131 969 99),
1169 883 1225 948 ubi
1259 903 1301 950 ea

175 987 349 1072 repetitum
403 1007 475 1053 cum
525 989 670 1053 membra
723 987 894 1054 coniuncta
945 994 1023 1055 sunt
1070 992 1218 1054 τε-καί
1264 992 1297 1057 in

176 1095 280 1160 altero
310 1095 451 1159 membro
482 1093 644 1160 omittitur
673 1094 873 1177 praepositio
904 1101 1034 1176 quater:
1058 1097 1134 1179 XII,
1160 1103 1213 1179 62,
1241 1103 1298 1181 66;

174 1201 281 1283 XVII,
320 1208 355 1285 53
392 1200 486 1284 XIX,
525 1207 581 1285 293
618 1201 718 1267 semel
755 1206 865 1267 autem
900 1203 1101 1284 praepositio
1133 1203 1298 1285 repetitur

174 1307 266 1391 XXI,
294 1314 332 1374 ll
356 1309 446 1391 παρά
468 1333 501 1372 τε
523 1309 652 1379 ἑκόντος
675 1309 756 1390 ἐμοῦ
779 1309 833 1371 καὶ
854 1311 927 1392 παρ’
953 1311 1096 1380 ἄκοντος.

262 1413 381 1497 Lysias
404 1414 491 1481 inter
513 1415 694 1497 particulas
717 1417 830 1497 verba,
856 1435 939 1496 quae
967 1416 1010 1481 ad
1033 1417 1125 1481 ambo
1149 1420 1298 1484 membra

175 1522 349 1605 pertinent,
378 1541 498 1604 ponere
525 1541 590 1587 non
617 1522 701 1587 solet
728 1521 791 1587 nisi
819 1542 915 1588 uuum
944 1527 1003 1589 aut
1031 1521 1093 1587 duo
1123 1525 1297 1608 vocabula,

175 1634 212 1694 ut
233 1629 290 1711 IV,
318 1636 356 1696 11
380 1636 446 1700 τοῖς
467 1655 499 1693 τε
522 1630 627 1700 ἄλλοις
650 1629 791 1713 ἐμφανὲς
818 1630 872 1693 καὶ
898 1632 1018 1701 τούτοις
1039 1637 1178 1712 ποιῆσαι,
1202 1631 1297 1706 XIX,

177 1740 220 1800 64
247 1737 285 1800 τά
314 1761 347 1800 τε
378 1737 481 1800 δίκαια
510 1737 684 1820 ψηφιεῖσθε
710 1737 765 1801 καὶ
788 1739 862 1819 ὑμῖν
892 1737 997 1807 αὐτοῖς
1018 1737 1055 1799 τὰ
1080 1737 1298 1819 συμφέροντα,

174 1843 300 1926 XXIII,
328 1850 361 1925 73
385 1842 493 1925 XVII,
520 1850 548 1908 3.
596 1843 768 1925 Complura
798 1844 901 1910 verba
929 1841 1112 1909 invenimus
1135 1843 1226 1925 XIV,
1253 1852 1297 1910 32

174 1952 279 2015 ἄλλων
308 1975 341 2014 τε
368 1951 499 2016 πολλῶν
529 1952 619 2024 ἄξιον
649 1952 755 2014 ἕνεκεν
782 1951 881 2014 αὐτοῦ
912 1952 1207 2033 καταψηφίσασθαι,
1241 1954 1298 2015 καλ

174 2059 219 2122 ὅτι
247 2109 253 2121 .
279 2108 285 2120 .
311 2109 316 2120 .
342 2105 372 2132 .,
402 2057 525 2139 XXIV,
559 2062 597 2121 15
621 2058 667 2130 οἷς
698 2059 873 2140 τ’ἒγχωρεῖ
895 2063 959 2120 τῶν
987 2057 1177 2138 ἀνθρώπων
1202 2059 1296 2141 ὑβρι-

174 2165 358 2236 ecolesinae
381 2166 435 2228 καὶ
458 2165 506 2236 οἷς
529 2165 567 2229 οὗ
590 2166 754 2248 προσήκει.

263 2270 427 2337 Inusitata
464 2276 515 2336 est
545 2272 627 2337 haec
658 2269 788 2352 positio,
823 2289 918 2351 quam
948 2269 1085 2353 legimus
1116 2270 1211 2352 XIX,
1251 2278 1295 2337 23

173 2380 366 2463 χαρίσασθαι
396 2381 508 2460 ἐκείνῳ
538 2403 569 2442 τε
597 2379 651 2442 καὶ
681 2379 873 2460 κομίσασθαι
901 2378 947 2460 μὴ
977 2380 1103 2452 ἐλάττω,
1131 2396 1193 2457 quo
1222 2377 1297 2444 1000

174 2489 401 2567 exspectamus
419 2484 613 2566 particulam
633 2493 706 2567 post
726 2487 928 2568 χαρίσασθαι,
949 2484 1033 2565 quod
1056 2485 1297 2550 restituendum

174 2612 247 2658 esse
276 2591 459 2672 putaverim
492 2588 569 2674 (non
599 2596 689 2656 recte
720 2591 862 2657 Fuhrius
886 2592 908 2656 l.
939 2611 969 2658 a.
1004 2611 1080 2674 pag.
1112 2597 1175 2655 070
1211 2592 1296 2657 uicit

173 2699 295 2782 Lysiae
327 2698 531 2765 scribendum
564 2697 664 2764 fuisse
696 2700 807 2781 ἐκείνῳ
840 2724 871 2762 τε
900 2699 986 2783 χορ.)
1045 2698 1293 2765 Raucheustein

174 2827 233 2889 pro
260 2833 291 2871 τε
319 2806 452 2888 scripsit
480 2809 526 2889 ἐφ’
556 2805 585 2889 ᾧ
612 2832 652 2880 τε,
683 2825 766 2886 quae
790 2805 978 2872 coniectura
1001 2806 1041 2870 ob
1065 2825 1136 2871 eam
1161 2824 1292 2871 causam

173 2915 376 2998 repudianda
400 2919 461 2996 est,
487 2914 570 2995 quod
595 2913 681 2996 apud
705 2912 838 2995 Lysiam
864 2915 912 2995 ἐφ’
937 2911 966 2995 ᾧ
989 2937 1021 2975 τε
1045 2912 1108 2976 alio
1134 2912 1203 2976 loco
1228 2931 1292 2978 non

173 3021 347 3088 invenitur.
377 3059 417 3068 -
450 3018 698 3085 'l'ranslationes
739 3019 922 3102 particulae
962 3045 993 3084 τε
1032 3024 1165 3100 praeter
1206 3019 1293 3084 hunc

172 3130 275 3194 locum
302 3128 387 3209 apud
405 3127 539 3210 Lysiam
563 3145 627 3192 non
650 3131 800 3210 exstant3
825 3145 929 3207 neque
953 3128 1126 3193 enimcum
1147 3125 1292 3206 Sauppio

171 3237 247 3318 XII,
273 3242 314 3301 30
338 3255 396 3317 pro
420 3237 564 3317 σῴζοντα
592 3234 690 3298 αὐτὸν
717 3234 772 3298 καλ
801 3235 837 3297 τὰ
860 3236 980 3305 τούτοις
1009 3234 1222 3317 ἐψηφισμένα,
1252 3236 1292 3296 ὃν

172 3343 340 3427 συλλαβὼν
370 3345 530 3426 ἀπήγαγεν
555 3342 693 3426 legerim
721 3343 832 3424 σῴζειν
859 3366 890 3404 τε
918 3341 1013 3404 αὐτὸν
1042 3341 1096 3403 καὶ
1114 3341 1149 3401 τὰ
1172 3341 1293 3410 τούτοις

171 3452 376 3533 ἐψηφισμένα
403 3451 517 3532 παρόν,
542 3451 709 3533 συλλαβὼν
737 3451 907 3530 ἀπήγαγεν,
931 3447 983 3512 ubi
1008 3473 1040 3510 τε
1063 3453 1291 3529 exspectamus

171 3557 373 3639 posteritas.

259 3665 313 3728 nal
332 3664 383 3730 ms
401 3664 541 3746 positum
565 3661 696 3743 saepius
714 3659 891 3741 respondet
912 3679 960 3742 τε;
985 3657 1025 3723 cs.
1045 3658 1071 3740 I,
1091 3664 1126 3741 43
1151 3660 1210 3741 ΙΧ,
1231 3666 1289 3743 44;

169 3771 246 3854 XII,
281 3777 323 3838 74
355 3775 417 3836 otc.
473 3771 543 3836 Non
576 3767 765 3836 inusitatum
797 3765 884 3848 apud
914 3765 1090 3849 scriptores
1121 3772 1173 3831 est
1203 3767 1290 3830 inter

168 3881 315 3943 τε-κιιί
351 3878 503 3943 collocari
545 3877 683 3943 alteram
727 3873 921 3957 particulam
958 3877 1022 3957 καί,
1065 3893 1148 3955 quae
1189 3872 1289 3954 priori

170 3986 310 4050 membro
342 3983 465 4063 aliquid
495 3983 657 4049 adnectit:
690 3982 730 4048 cf.
760 3981 854 4049 XIII.
889 3986 927 4047 13
951 3983 1132 4064 προσιόντες
1156 3982 1184 4041 ‹i’
1201 3981 1290 4061 «ιύοφ

169 4097 233 4154 τῶν
254 4116 292 4153 τε
315 4095 501 4172 στρατηγῶν
524 4114 601 4159 τινες
624 4090 679 4152 καὶ
701 4094 765 4151 τῶν
787 4091 969 4172 ταξιάρχων
992 4138 1026 4151 ..
1052 4137 1058 4149 .
1086 4137 1092 4149 .
1116 4088 1179 4150 καὶ
1202 4087 1289 4149 ἄλλοι

169 4198 247 4267 τινὲς
269 4203 334 4260 τῶν
355 4197 498 4260 πολιτῶν.

259 4302 441 4385 Siugularis
471 4309 523 4367 cst
552 4302 604 4368 hio
635 4303 737 4369 locus:
774 4302 866 4383 XIX,
898 4308 940 4366 29
970 4304 1147 4385 τραγῳδοῖς
1179 4326 1209 4362 τι·
1241 4301 1288 4370 ol,-
