2932 5032
1240 406 1288 473 43

173 606 377 675 Τατὶαθαααε.
429 606 633 691 Significatio
663 609 832 690 utriusque
862 610 1044 692 particulae
1077 611 1192 675 eadem
1224 615 1289 693 est3

174 732 242 781 eum
264 718 375 781 autem
399 714 443 797 X,
463 721 516 796 68,
536 714 591 780 ubi
610 715 724 780 eadem
746 718 849 781 verba
872 720 1013 797 exstant,
1035 734 1145 781 omues
1164 716 1292 782 cedices

113 844 117 893 ι·
174 818 320 889 scribant
355 822 412 885 nal
443 822 503 903 γάρ
534 846 591 896 τοι,
629 823 691 887 hee
728 842 854 902 (pieque
892 822 962 889 loeo
999 824 1083 888 haue
1118 821 1290 888 leetiouem

173 928 421 1015 praeferendam
446 948 519 999 esse
541 935 632 1012 puto.
679 931 826 1014 Accedit,
852 932 937 1012 qued
960 932 1197 998 Demosthenes
1220 952 1292 1013 par-

172 1036 306 1103 ticulam
341 1037 497 1120 τοιγάρτοι
532 1055 596 1102 ιιοιι
632 1037 814 1120 usurpavit,
848 1038 907 1103 sed
946 1038 1015 1104 eius
1054 1039 1124 1103 luco
1163 1057 1291 1119 semper

114 1170 117 1175 ·
170 1150 340 1227 τοιγαροῦν
366 1142 511 1209 adhibet.
554 1143 646 1226 Quae
670 1164 742 1210 eum
765 1144 813 1209 ita
836 1144 903 1210 sint
926 1145 1052 1226 XXIII,
1075 1152 1138 1210 203
1165 1163 1290 1225 quoque

171 1250 243 1317 eod.
272 1250 307 1315 Σ
333 1249 498 1332 scriptura
533 1253 689 1334 τοιγάρτοι
725 1271 798 1317 mea
833 1252 962 1330 quidem
999 1251 1164 1318 sententia
1199 1271 1291 1332 repu-

171 1356 297 1423 dianda
319 1360 372 1423 est
394 1360 429 1422 et
452 1376 523 1423 eum
546 1356 612 1423 uv
634 1357 807 1440 legendum
833 1363 883 1424 est
905 1359 958 1421 καὶ
983 1360 1043 1440 γάρ
1067 1383 1122 1421 τοι.

259 1464 300 1529 Iu
329 1463 448 1545 spuriis
478 1463 679 1530 orationibus
710 1466 763 1528 καὶ
793 1467 854 1548 γάρ
884 1490 930 1528 τοι
960 1464 1141 1531 iuvemmus
1173 1465 1217 1547 X,
1248 1470 1290 1529 68

169 1568 231 1657 (=
250 1568 342 1644 VIII,
372 1567 444 1653 66);
474 1569 567 1652 XIH,
599 1577 640 1637 22
673 1569 730 1652 (z
753 1571 878 1654 XXIII,
913 1570 1004 1656 198),
1043 1570 1131 1652 LXI,
1165 1577 1216 1637 29.
1248 1608 1288 1617 -

167 1674 328 1757 XXXIV,
348 1680 390 1741 32
408 1675 442 1738 Σ
457 1677 596 1756 praebet
617 1678 782 1758 μάρτυρας
806 1678 842 1741 δέ
864 1703 912 1741 τοι
942 1679 1002 1741 οὐκ
1034 1679 1156 1741 ἐκώλυε
1183 1701 1288 1758 παρα-

167 1783 287 1857 καλεῖν,
324 1782 426 1849 ceteri
463 1782 539 1848 libri
576 1783 691 1866 legunt
727 1809 761 1866 γε
792 1804 850 1865 pre
885 1810 940 1857 τοι,
978 1785 1063 1864 qued
1097 1788 1291 1865 receperunt

168 1890 344 1957 Bekkerus
374 1893 409 1955 et
440 1889 597 1972 Blassius
630 1890 684 1970 qui
720 1891 857 1956 adnotat
892 1894 947 1972 ,δέ
980 1917 1025 1955 τοι
1057 1911 1121 1957 nou
1158 1911 1199 1956 ex
1231 1909 1290 1956 usu

167 1996 268 2065 huius
290 1996 442 2063 aetatis“
474 2035 515 2043 —
545 1996 623 2062 Cum
646 2018 706 2063 usu
729 1998 979 2065 Demosthenice
1004 1999 1100 2065 valde
1125 1997 1291 2079 discrepat

168 2104 246 2187 LII,
270 2109 301 2187 8,
319 2103 375 2170 ubi
396 2129 443 2169 τοι
466 2109 576 2170 exstat
600 2125 670 2170 euru
695 2107 784 2170 nulla
808 2105 874 2171 alia
899 2106 1063 2188 particula
1086 2105 1290 2171 coniunctum

168 2211 208 2277 in
238 2211 405 2278 enuntiato
438 2212 690 2295 interrogativo:
725 2213 820 2276 adorlei
845 2238 901 2287 ror,
936 2216 1008 2296 ἔφη,
1043 2215 1063 2276 ὅ
1093 2238 1119 2276 τι
1150 2214 1229 2276 ἐστὶν
1261 2211 1289 2275 ὦ

169 2318 318 2394 Πασίων,
342 2320 363 2384 ὅ
385 2343 420 2384 σε
442 2322 568 2403 apere),
598 2320 670 2402 XL,
696 2326 736 2385 32
762 2320 830 2385 eud.
856 2320 884 2384 F
904 2321 977 2385 ΦΒ
1006 2324 1040 2385 et
1062 2341 1102 2402 pr
1125 2321 1157 2382 Σ
1177 2321 1292 2402 leguut

168 2427 353 2511 ἐβουλόμην
381 2430 439 2491 τᾶν
469 2426 497 2491 ὦ
526 2429 575 2492 ἄν.
602 2430 630 2491 ὂ.
661 2435 804 2491 τοιοῦτον
834 2429 928 2492 αὐτὸν
958 2429 1044 2502 εἶναι,
1073 2429 1210 2510 vulgata
1241 2434 1291 2492 est

167 2534 297 2617 μέντᾶν.
332 2531 430 2598 Ferri
447 2536 558 2614 petest
580 2537 760 2616 utrumque,
781 2554 877 2615 quam
892 2536 931 2600 ab
953 2554 1020 2601 rem
1041 2554 1104 2600 uun
1124 2535 1289 2614 habemus,

168 2640 258 2725 quod
280 2642 323 2706 ab
345 2640 379 2703 Σ
389 2639 419 2704 F
444 2639 674 2722 discrepemus.

260 2748 342 2813 Num
372 2748 558 2831 Hyperides
594 2774 641 2813 τοι
675 2749 838 2830 particula
872 2769 949 2815 usus
984 2750 1028 2814 sit
1064 2750 1193 2815 dubium
1230 2753 1289 2814 est.

167 2854 237 2921 Pro
257 2854 340 2921 Eur.
362 2859 402 2920 25
422 2855 609 2937 Hyperides
632 2855 801 2937 vituperat
820 2856 1041 2938 Polyeuetum,
1064 2856 1149 2935 qrred
1167 2854 1291 2920 iudices

168 2961 335 3027 monuerit
356 2981 397 3027 ue
416 2961 655 3044 permitterent,
676 2967 713 3027 ut
732 2962 850 3043 aliquis
873 2982 964 3028 reum
988 2962 1192 3044 defenderet,
1213 2960 1290 3041 quid

169 3068 278 3151 magis
309 3070 465 3151 populare
494 3069 633 3151 eogitari
663 3089 768 3152 pesse,
794 3090 889 3151 quarm
917 3077 954 3136 ut
981 3069 1153 3150 uuicuique
1176 3068 1291 3134 liueret

167 3194 274 3257 reum,
305 3175 360 3256 qui
390 3175 461 3257 ipse
494 3176 674 3242 arationem
705 3179 827 3242 habere
858 3197 921 3242 meu
953 3182 1073 3259 posset,
1106 3176 1290 3241 defendere.

169 3282 256 3349 'I'um
278 3281 313 3348 iu
335 3302 459 3366 papyro
485 3287 596 3349 exstat
619 3282 690 3369 (26)

516 3390 593 3452 ἀλλὰ
617 3391 655 3472 νὴ
681 3390 738 3451 Δία
763 3390 859 3460 αὐτὸς
881 3415 928 3454 τοι

517 3497 615 3559 ούταιι
637 3497 797 3578 πράγματι
820 3497 857 3559 οὐ

515 3603 684 3684 κέχριγσαι,·

170 3705 330 3772 Editores
379 3707 437 3773 alii
487 3708 576 3773 aliud
624 3713 829 3790 receperunt.
893 3708 1169 3776 Verisimillimum
1220 3729 1292 3776 esse

171 3811 254 3878 milri
283 3812 423 3896 videtur,
456 3815 540 3895 quod
570 3815 717 3880 Blassius
747 3815 895 3896 seripsIt:
926 3818 1071 3898 τοιούτῳ.
1130 3816 1292 3897 Sauppius

171 3917 256 4000 legit
292 3942 340 3981 τοι
378 3919 416 3983 σὺ
451 3930 505 4003 τῷ,
537 3920 677 3985 Patakis
711 3946 757 3983 τοι
791 3922 903 4002 τούτῳ,
934 3921 1084 3986 Hertlein
1121 3946 1167 3986 τοι
1206 3924 1290 3986 οὕτω

171 4033 228 4109 τῷ.
253 4062 295 4071 -
318 4025 358 4091 m
390 4026 534 4109 epitaph.
569 4034 599 4107 9,
625 4034 663 4093 37
700 4028 800 4092 eodem
832 4029 971 4109 praebet
1001 4030 1052 4091 ὃιά
1076 4054 1132 4092 τοο
1162 4032 1293 4101 τούτους

172 4135 305 4216 πατέρες
329 4137 462 4210 ἔνδοξοι,
486 4139 617 4219 μητέρες
644 4138 840 4220 περίβλεπτοι
869 4144 934 4207 τοῖς
965 4139 1101 4208 πολίταις
1138 4140 1292 4223 γεγόνασι,

171 4239 229 4307 ubi
253 4240 393 4308 Cebetas
423 4243 548 4324 recepit
572 4244 623 4306 ὁιά
651 4268 696 4306 τοι
726 4245 862 4316 τούτους,
894 4244 1041 4310 Blassius
1072 4245 1196 4310 delevit
1227 4270 1292 4309 τοι.

172 4371 221 4411 τοι
248 4348 358 4434 legere
383 4349 505 4432 dubito,
536 4349 730 4434 praesertim
761 4370 832 4416 aum
862 4370 921 4417 eae
952 4369 1076 4432 queque
1100 4351 1291 4435 particulae,
