2932 5032
252 394 392 495 τι4

248 600 420 684 συμφορὰς
442 601 623 682 προσόδους
645 607 710 671 τοῖς
736 602 884 684 πρέσβεσι
912 609 975 672 τοῖς
997 603 1158 685 ὑμετέροις
1181 605 1369 688 permundat

248 758 254 769 .
280 758 286 769 .
312 758 318 770 .
344 732 373 783 .,·
419 707 560 789 Lyeurg.
586 713 643 772 37:
674 713 785 772 orator
816 709 1080 775 commemoravit
1106 710 1216 774 urbem
1242 711 1369 776 ciuibus

248 812 335 894 apud
353 812 573 878 Chaeroneam
592 811 690 878 vietis
713 812 745 877 in
770 832 891 877 summo
911 814 1055 894 periculo
1079 813 1192 898 fuisse3
1215 817 1368 899 populum

246 918 415 1001 Hyperide
445 922 578 984 auctore
608 917 741 984 iussisse
774 926 923 985 senatum
956 924 1117 985 armatum
1150 921 1184 987 in
1214 922 1368 988 Piraeum

248 1025 418 1108 proficisci,
442 1030 479 1090 ut
502 1045 572 1091 eum
595 1025 786 1091 defenderet
809 1031 844 1091 et
861 1026 991 1093 videret
1013 1046 1055 1093 ne
1079 1027 1156 1108 quid
1180 1028 1368 1095 detrimenti

248 1137 383 1214 caperet
412 1152 465 1198 res
494 1132 638 1214 publicat
667 1135 767 1197 καίτοι
797 1132 825 1196 ὦ
856 1135 978 1216 ἄνδρες,
1009 1138 1038 1198 εἰ
1063 1137 1094 1199 οἳ
1121 1137 1287 1219 ἀφιέμενοι
1311 1144 1367 1200 τοῦ

248 1242 470 1322 στρατεύεσθαι
494 1242 586 1304 ἕνεκα
609 1247 664 1316 τοῦΙ
687 1242 897 1324 βουλεύεσθαι
924 1242 1006 1323 ὑπὲρ
1037 1249 1093 1326 τῆς
1115 1244 1241 1314 πόλεως
1270 1245 1304 1306 ἕν
1329 1251 1367 1326 τῇ

246 1351 311 1409 τῶν
334 1352 535 1429 στρατιωτῶν
558 1348 641 1419 τάξει
665 1347 827 1429 διέτριβον,
852 1345 902 1428 ἆρ’
927 1347 1002 1429 ὑμῖν
1026 1348 1156 1411 δοκοῦσι
1177 1350 1289 1430 μικροὶ
1314 1349 1368 1412 καὶ

248 1455 279 1516 οἱ
299 1454 443 1536 τύχοντις
465 1454 563 1536 φόβοι
586 1454 653 1516 τότε
675 1453 732 1535 τὴν
755 1454 846 1516 πόλιν
869 1461 1051 1537 κατασχεῖν,·

338 1558 507 1626 Nonnullis
536 1559 615 1624 loeis
645 1559 808 1641 particula
837 1562 936 1624 καίτοι
966 1580 1036 1626 oum
1066 1559 1261 1642 imperativo
1296 1581 1370 1626 eou-

248 1666 402 1749 iungitur.
469 1665 560 1749 Quae
599 1666 703 1731 forma
741 1671 868 1732 tantum
910 1667 1075 1734 invenitur
1116 1669 1201 1750 apud
1239 1669 1368 1733 Isaeum

249 1770 289 1856 (I,
322 1779 377 1855 263
408 1773 498 1854 VIII,
531 1773 586 1858 20)
624 1771 808 1856 Lycurgum
843 1771 910 1859 (52,
945 1780 995 1855 75,
1027 1771 1083 1856 98)
1116 1772 1369 1839 Demosthenem

249 1878 322 1964 (III,
349 1886 405 1962 233
429 1879 489 1961 IX,
516 1885 571 1962 553
595 1880 722 1961 XXIII,
749 1885 800 1961 54,
827 1885 901 1961 159,
927 1885 1005 1963 204;
1030 1879 1156 1962 XXXI,
1184 1887 1238 1963 103
1264 1881 1369 1962 XLV,

248 1994 305 2071 233
329 1987 385 2071 LI,
410 1994 444 2072 93
470 1989 537 2063 LV,
564 1994 614 2055 28.
637 2026 677 2035 -
699 1989 775 2070 XII,
803 1996 857 2072 173
881 1989 974 2073 XIII,
996 1996 1049 2070 21,
1070 1989 1137 2075 26).
1163 1989 1217 2074 (of.
1242 2010 1370 2070 quoqne

247 2095 380 2178 Antiph.
405 2096 444 2178 V,
467 2095 535 2180 40).
561 2134 601 2141 —
626 2096 793 2160 Interdum
817 2098 918 2159 καίτοι
942 2115 1013 2162 enm
1036 2095 1230 2177 imperativo
1255 2097 1369 2162 eodem

247 2201 340 2265 modo
364 2205 554 2283 usurpatum
584 2207 719 2282 estque
749 2201 783 2266 in
808 2201 1086 2268 enuntiationibus
1110 2201 1369 2284 interrogativit,

248 2304 289 2372 ef.
332 2305 472 2390 Lyeurg.
516 2312 573 2373 52:
610 2305 681 2372 fieri
717 2325 781 2372 non
817 2312 937 2389 potest,
975 2314 1013 2372 ut
1048 2325 1140 2373 reum
1176 2307 1369 2388 impunitum

250 2411 438 2495 ‹linrittatis3
470 2432 544 2477 nam
574 2414 767 2495 Areopagus
797 2432 916 2495 omnes,
946 2413 1000 2493 qui
1028 2413 1062 2479 in
1085 2412 1169 2479 bello
1195 2432 1234 2477 ex
1259 2414 1371 2496 patria

251 2519 478 2602 discesserunt,
517 2519 625 2602 eapite
663 2519 842 2587 damnavit.
907 2522 988 2585 Tum
1026 2520 1152 2604 pergit:
1193 2523 1303 2594 καίτοι,
1341 2521 1371 2584 ὠ

250 2626 372 2708 ἄνδρες,
400 2626 444 2710 μὴ
477 2628 616 2708 νομίζετε
644 2625 715 2696 τοὺς
741 2626 779 2689 τὰ
807 2632 872 2689 τῶν
903 2626 1009 2689 ἄλλων
1039 2626 1157 2708 φονικὰ
1188 2627 1369 2709 ἀδικήματα

252 2732 438 2806 δικάζοντας
457 2732 571 2803 αὐτοὺς
594 2735 634 2795 ἂν
656 2735 700 2803 εἴς
718 2756 783 2795 τινα
807 2738 873 2795 τῶν
891 2732 1028 2796 πολιτῶν
1051 2732 1196 2796 τοιοῦτόν
1217 2756 1243 2794 τι
1264 2756 1369 2813 παρα-

250 2847 397 2922 νομῆσαι.
451 2840 550 2904 Nemo
592 2858 655 2904 non
697 2838 863 2921 intellegit
899 2839 960 2903 hoo
1000 2839 1070 2904 loeo
1108 2843 1269 2904 oratorem
1312 2858 1371 2921 pro

251 2944 446 3026 imperativo
483 2944 625 3011 scrihere
663 2945 806 3026 potuisse
844 2943 1047 3010 enuntiatum
1088 2943 1370 3027 interrogativum.

252 3050 292 3115 of.
325 3050 493 3115 Demosth.
526 3050 651 3132 XXIIl,
689 3057 764 3133 1593
797 3051 874 3132 XII,
902 3057 952 3115 17.
984 3088 1025 3098 -
1055 3050 1235 3116 Praeterea
1267 3054 1371 3115 notun

253 3177 322 3222 oum
360 3157 553 3240 imperativo
592 3158 764 3223 adhibetur
801 3157 844 3222 ad
886 3157 1136 3224 continuandum
1175 3176 1370 3241 sernronenr;

252 3264 392 3347 Lyeurg.
436 3271 492 3329 98:
535 3269 645 3330 orator
686 3264 836 3331 narravit
877 3263 1038 3351 (95-97)
1080 3265 1114 3331 in
1150 3266 1370 3330 Aetnaeorum

252 3370 375 3452 ignium
398 3371 568 3452 eruptione
591 3370 681 3436 illum
705 3370 946 3437 adulescentem
970 3371 1072 3435 solum
1096 3375 1261 3437 servatum
1285 3388 1370 3450 esse,

253 3477 307 3556 (pri
331 3482 457 3558 patrem
481 3497 543 3542 non
568 3478 763 3558 reliquisset.
806 3479 886 3543 Tum
907 3477 979 3565 (98)
1004 3483 1233 3543 commemorat
1251 3477 1372 3541 Erech-

253 3584 373 3666 theum,
399 3603 468 3648 oum
489 3584 665 3666 Eurrrolpus
689 3585 721 3649 in
741 3585 986 3650 Atheniensium
1011 3584 1092 3649 fines
1110 3584 1297 3663 invasisset,
1318 3582 1372 3648 dei

253 3690 342 3756 iussu
374 3691 472 3757 filiam
504 3691 697 3757 immolasse.
754 3690 857 3773 Qumn
890 3692 932 3757 ad
968 3689 1188 3757 narrationem
1225 3690 1372 3756 traducit

254 3797 432 3863 orationem
464 3799 526 3864 hoe
558 3798 664 3863 modo:
695 3800 797 3862 καίτοι
829 3800 1003 3881 σκέψασθε,
1033 3795 1062 3861 ὦ
1093 3797 1278 3880 dommum
1309 3797 1372 3878 γὰρ

254 3907 474 3988 ἀποστήσομαι
492 3912 557 3969 τῶν
575 3907 719 3968 παλαιῶν
735 3927 740 3938 ·
756 3907 819 3969 κτλ.
847 3903 886 3970 cf.
906 3905 1073 3971 Demosth.
1093 3904 1155 3986 III,
1170 3909 1226 3986 233
1241 3903 1299 3983 IX,
1317 3909 1369 3968 55.

342 4010 463 4074 Restat
483 4017 519 4075 ut
538 4030 643 4092 pauca
663 4011 796 4075 all'eram
816 4010 857 4075 de
876 4035 909 4092 ys
927 4010 1110 4091 particulae
1128 4012 1227 4074 καίτοι
1246 4007 1371 4073 addito.

254 4116 361 4196 Atque
392 4116 527 4197 primum
559 4117 686 4198 (pridem
718 4117 1026 4182 eornmemoramlum
1057 4122 1109 4182 est
1130 4116 1308 4181 Isocratem
1337 4120 1372 4180 et

255 4223 451 4289 Dinarolnnn
476 4249 510 4306 γε
529 4244 598 4290 oum
619 4227 718 4288 καίτοι
737 4243 799 4288 non
823 4223 1036 4289 coniunxisse.
1080 4221 1257 4289 oollomtio
1276 4221 1372 4287 varia

255 4337 314 4413 est,
340 4336 398 4395 eut
421 4333 522 4395 καίτοι
540 4370 576 4377 --
594 4357 628 4413 γε
652 4339 709 4399 aut
727 4334 828 4395 καίτοι
851 4357 893 4414 γε.
924 4331 1019 4412 Apud
1040 4332 1289 4398 Demosthenem
1308 4330 1371 4395 hae
