2932 5032
1248 478 1293 546 19

176 683 451 765 praepositionem
482 683 673 751 collocatur:
705 683 745 750 cf.
769 685 812 767 H,
840 692 879 751 19
908 688 941 751 ἔν
964 712 995 749 τε
1017 694 1081 756 τοῖς
1103 688 1294 768 προειρημέ-

176 815 251 872 νοις,
276 791 315 872 V,
340 798 358 855 2
383 795 456 874 περί
476 818 508 856 τε
529 801 585 876 τῆς
608 794 733 862 πόλεως
755 794 875 875 ταύτης.
921 792 1029 857 Aliter
1052 812 1105 857 res
1129 794 1294 873 sehabet,

177 897 205 961 si
234 898 390 964 articulus
421 901 524 980 abest,
553 898 587 963 id
617 899 701 980 quod
728 899 799 964 fieri
827 919 891 964 non
919 900 1003 965 solet
1031 899 1093 964 nisi
1125 904 1201 965 ante
1225 918 1296 980 pro·

175 1005 306 1070 nomina
337 1004 484 1089 (praeter
513 1005 605 1088 XXI,
640 1003 678 1071 19
709 1007 780 1088 περὶ
808 1007 963 1071 πλειόνων
992 1031 1024 1069 τε
1054 1007 1227 1089 χρημάτων
1262 1010 1296 1071 et

175 1111 269 1193 XIX,
294 1117 336 1176 42
364 1113 446 1195 πρὸς
471 1113 531 1195 μὲν
556 1111 612 1176 οὗν
639 1112 847 1195 Θρασύλοχόν
872 1138 904 1177 τε
934 1112 1017 1199 καὶ)ε
1047 1113 1103 1193 IV,
1131 1118 1192 1177 135
1216 1113 1297 1194 πρὸς

175 1220 262 1300 ἡμᾶς
290 1244 332 1301 τε,
362 1219 422 1302 IX,
456 1224 494 1285 15
526 1221 588 1283 κατ’
606 1220 726 1284 ἐκεῖνόν
755 1245 787 1283 τε
815 1219 868 1284 τὸν
897 1221 1024 1303 χρόνον,
1060 1219 1135 1300 ΧΠ,
1169 1225 1231 1283 162
1262 1221 1296 1282 ἒν

176 1327 305 1396 ἐκείνοις
333 1351 364 1389 τε
389 1333 452 1397 τοῖς
479 1328 613 1409 χρόνοις,
642 1326 682 1408 V,
708 1332 770 1392 126
799 1326 882 1409 πρός
910 1329 995 1409 ἡμᾶς
1017 1329 1040 1389 τ’
1058 1326 1182 1399 αὐτοὺς,
1206 1325 1294 1407 VIII,

177 1437 217 1495 69
243 1433 277 1495 ἔν
301 1434 432 1502 ἐκείνοις
453 1458 484 1496 τε
506 1439 569 1502 τοῖς
592 1434 727 1516 χρόνοις,
755 1434 831 1516 ΧΠ,
857 1439 895 1498 61
926 1434 1005 1516 ὑπὲρ
1037 1436 1134 1516 αὐτῆς
1155 1458 1194 1506 τε,
1218 1433 1295 1514 XII,

179 1543 240 1602 119
268 1539 339 1622 περὶ
367 1537 404 1621 ἧς
429 1564 469 1613 τε,
502 1544 563 1603 171
592 1539 661 1621 περὶ
689 1541 793 1604 αὐτῶν
822 1566 862 1613 τε,
891 1540 983 1622 ΧῙΧ,
1010 1547 1051 1605 38
1081 1542 1115 1604 ἒν
1139 1542 1243 1610 ἄλλοις
1265 1564 1296 1603 τε

175 1646 310 1716 πολλοῖς.
357 1644 449 1727 Quae
480 1665 550 1710 cum
577 1645 625 1710 ita
652 1645 728 1728 sint,
759 1666 821 1712 non
851 1650 976 1712 rectum
1008 1651 1192 1712 assecutum
1224 1665 1295 1712 esse

176 1751 336 1816 contendo
370 1751 536 1835 Fuhrium,
573 1752 627 1832 qui
662 1752 743 1818 dicit
777 1751 866 1837 (pag.
903 1753 981 1839 334)
1014 1753 1090 1835 XH,
1125 1760 1185 1818 129
1216 1755 1296 1835 ὑπὲρ

174 1860 286 1940 ταύτης
313 1884 344 1922 τε
366 1858 418 1922 καὶ
445 1865 508 1923 τῶν
536 1860 639 1923 ἄλλων
663 1859 823 1942 Ἑλλήνων
851 1860 1038 1925 mutandum
1062 1878 1134 1925 esse
1157 1859 1190 1923 111
1215 1861 1295 1941 ὑπέρ
1348 1931 1354 1948 ,

174 1990 207 2027 τε
239 1967 361 2048 ταύτης,
399 1985 480 2030 eum
506 1965 633 2030 tradita
668 1965 766 2031 lectio
804 1985 824 2029 a
866 1965 1097 2032 consuetudine
1140 1965 1295 2032 sermonis

175 2071 333 2135 Isocratei
367 2073 556 2136 abhorreat:
590 2091 662 2136 eam
695 2072 897 2154 positionem,
939 2066 1034 2154 quam
1066 2072 1209 2137 Fuhrius
1245 2091 1297 2136 ex·

176 2183 314 2259 special,
340 2179 440 2243 Solum
465 2178 541 2259 XII,
568 2183 586 2242 6
611 2177 791 2243 invenimus
816 2182 902 2261 (περί
923 2182 944 2242 τ’
962 2180 1123 2262 ἐμαυτοῦ).

264 2285 440 2367 Articulus,
470 2285 524 2365 qui
555 2286 597 2349 ad
621 2287 714 2350 ambo
738 2287 882 2351 membra
905 2285 1077 2366 particulis
1100 2310 1220 2349 ιε-ιε
1243 2287 1297 2352 vel
1340 2290 1343 2295 “
1415 2290 1417 2295 ’

173 2417 205 2454 τε
214 2429 241 2436 --
262 2394 318 2454 καί
357 2392 529 2457 coniuncta
567 2391 721 2474 pertinet,
763 2411 891 2473 semper
931 2392 965 2457 in
1007 2393 1112 2457 altero
1154 2395 1296 2458 membro

175 2498 351 2579 repetitur;
371 2498 442 2581 loci,
464 2498 517 2580 qui
542 2498 671 2580 excepti
695 2504 780 2581 sunt,
801 2517 910 2564 omnes
934 2497 1031 2564 facile
1050 2498 1295 2581 intelleguntur.

174 2607 230 2686 IV,
256 2611 297 2670 85
322 2608 358 2670 οἵ
379 2607 413 2669 θ’
432 2608 577 2688 ἡμέτεροι
603 2607 759 2688 πρόγονοι
785 2607 840 2669 καὶ
867 2606 1123 2688 Λακεδαιμόνιοι,
1151 2606 1223 2688 VII,
1254 2612 1292 2671 61

173 2714 247 2782 τούς
269 2738 299 2776 τε
322 2713 505 2794 προγόνους
528 2713 582 2775 καὶ
605 2712 697 2795 on,
726 2713 802 2793 XII,
828 2717 891 2778 249
919 2720 984 2783 τοῖς
1011 2737 1043 2775 τε
1067 2714 1172 2782 ἄλλοις
1196 2715 1295 2776 ἅπασι

174 2821 228 2881 καὶ
246 2820 342 2883 Aua:
367 2820 480 2885 horum
504 2819 722 2901 exemplorum
746 2818 929 2883 certissima
947 2818 1033 2883 ratio
1059 2822 1111 2882 est
1133 2818 1166 2883 in
1187 2838 1227 2884 ea
1248 2839 1293 2901 re,

175 2926 259 3005 quod
284 2926 422 2990 alterum
445 2928 622 2991 membrum
646 2930 698 2990 est
720 2945 836 2991 nornen
859 2924 1033 3006 proprium,
1058 2924 1113 2990 ubi
1137 2925 1294 2990 articulus

174 3051 214 3096 ne
251 3038 382 3112 poterat
421 3031 549 3114 quidem
588 3032 674 3115 poni.
707 3032 781 3114 XV,
815 3038 877 3096 251
915 3037 979 3094 τῶν
1016 3033 1227 3113 ἀκμαζόντων
1263 3057 1294 3095 τε

172 3141 293 3221 μᾶλλον
315 3141 385 3222 ἠγὼ
405 3142 459 3203 καὶ
487 3148 541 3204 τοῦ
570 3147 684 3222 καιροῦ
712 3147 768 3203 τοῦ
792 3139 950 3220 παρόντος
972 3139 1016 3220 μὴ
1041 3138 1293 3221 φροντιζόντων·

173 3246 249 3327 XII,
275 3253 338 3311 259
362 3248 432 3329 περὶ
456 3246 504 3310 ὧν
529 3248 685 3319 ὁεξιόντας
709 3248 770 3309 οὐκ
795 3248 874 3309 ἔστιν
901 3247 983 3309 ὅπου
1009 3247 1047 3309 οὐ
1071 3245 1124 3308 καὶ
1147 3252 1215 3318 σοῦ,
1238 3252 1293 3309 τοῦ

172 3357 194 3415 τ’
216 3356 427 3436 ἀθροίσαντος
463 3355 518 3417 καὶ
554 3355 771 3435 διαλεχθέντος
808 3355 892 3416 οὕτω
925 3354 1035 3423 καλῶς
1071 3353 1141 3433 περὶ
1177 3354 1292 3424 αὐτῶν,

170 3461 389 3545 μεμνήσεσθαι
412 3460 466 3523 καὶ
488 3460 609 3543 πολλὴν
632 3462 725 3542 χάριν
749 3462 842 3533 ἕξεινῑ
867 3458 918 3524 his
942 3478 1067 3539 quoque
1091 3458 1179 3541 lOGIS,
1206 3460 1292 3539 quod

172 3566 212 3630 de
231 3566 345 3631 iisdem
365 3584 470 3631 sermo
497 3572 557 3649 est,
579 3567 735 3632 articulus
754 3586 817 3631 non
841 3569 974 3648 poterat
994 3565 1110 3646 repeti.
1129 3566 1212 3648 XII,
1227 3573 1290 3632 259

170 3673 334 3738 Isocrates
368 3674 504 3739 eandem
535 3674 779 3740 collocationem
810 3693 849 3739 ac
878 3673 951 3755 XV,
984 3678 1045 3736 251
1078 3672 1290 3755 adhibuisset,

170 3778 233 3842 nisi
256 3786 310 3842 τοῦ
335 3781 543 3861 ἀθροίσαντος
568 3806 600 3843 τε
622 3787 756 3862 propter
778 3781 904 3845 hiatum
927 3778 1126 3846 reiciendum
1149 3779 1221 3844 fuit.

259 3884 309 3948 De
339 3885 535 3966 repetitione
565 3886 818 3967 praepositionis
850 3885 884 3949 in
915 3885 1019 3949 altero
1052 3886 1194 3948 membro
1226 3887 1291 3949 Iso-

171 3998 279 4057 crates
304 3995 427 4057 certam
451 3992 556 4073 legem
580 4011 644 4057 non
668 3993 823 4071 sequitur.
874 3991 1067 4070 Plerumque
1090 3992 1290 4073 praepositio

170 4099 202 4162 in
235 4098 343 4180 priore
375 4102 502 4163 tantum
534 4100 676 4163 membro
714 4102 900 4179 usurpatur,
938 4101 975 4162 ut
1007 4098 1062 4180 IV,
1099 4104 1160 4163 159
1194 4102 1227 4162 ἔν
1258 4126 1291 4164 τε

168 4212 262 4274 τοῖς.
291 4255 296 4266 .
323 4256 330 4269 .
355 4207 468 4276 ἄθλοις
491 4205 545 4269 καὶ
567 4212 604 4289 τῇ
627 4207 797 4287 παιδεύσει,
824 4204 986 4269 nonnullis
1010 4211 1119 4270 autem
1146 4205 1226 4271 locis
1250 4226 1290 4272 ea

168 4310 340 4392 repetitur,
364 4315 402 4376 ui
424 4312 499 4394 XII,
526 4319 544 4375 5
568 4314 641 4393 περί
661 4337 694 4375 τε
716 4319 839 4395 τῶντῇ
862 4312 951 4375 πόλει
981 4314 1213 4394 πεπραγμένων
1235 4317 1289 4378 καὶ

168 4420 237 4501 περὶ
265 4426 320 4501 τῆς
349 4424 414 4482 τῶν
443 4420 616 4500 προγόνων
646 4420 766 4501 ἀρετῆς,
795 4419 836 4482 cf.
864 4419 940 4500 XII,
972 4426 1000 4499 6,
1032 4425 1109 4501 207,
1139 4420 1228 4501 XIV,
1254 4429 1288 4504 9,

168 4525 240 4606 XV,
266 4532 343 4608 τινα
367 4524 407 4607 V,
434 4525 593 4608 1433V1,
620 4532 670 4590 re.
