2932 5032
1216 502 1264 581 35

235 709 425 798 Articulum,
456 713 511 796 qui
539 713 580 781 ad
610 716 703 781 ambo
730 717 875 782 membra
898 717 1072 784 coniuncta
1095 717 1266 800 particulis

146 823 291 884 ιιι-καί
312 820 466 904 pertinet,
496 820 529 885 in
560 822 665 886 altero
693 824 835 888 membro
860 822 1096 889 Demosthenes
1126 824 1265 906 repetit:

146 929 269 1011 XVIII,
291 934 331 993 93
355 934 451 992 πᾶσιν
474 929 590 1002 ἔδειξεν
608 930 799 1012 ἀνθρώποις
822 932 878 1013 τήν
900 956 931 994 τε
949 938 1004 1014 τῆς
1022 932 1146 1003 πόλεως
1168 933 1266 995 καλο-

146 1036 307 1117 καγαὺίαν
330 1036 385 1098 καί
410 1035 467 1118 τὴν
495 1036 654 1100 Φιλίππου
684 1038 808 1118 κακίαν,
832 1037 955 1119 XVIII,
981 1043 1044 1102 286
1068 1039 1123 1121 τήν
1144 1047 1169 1100 τ’
1185 1039 1266 1120 ἐμὴν

146 1143 269 1205 εὔνοιαν
304 1141 358 1207 καί
391 1142 579 1224 προὺυμίαν
608 1143 684 1223 μεθ’
701 1140 740 1224 ἧς
773 1143 809 1205 roi
844 1144 1004 1226 πράγματ’
1024 1145 1179 1226 ἔπραττον
1212 1145 1267 1207 καί

146 1247 201 1329 τὴν
238 1249 391 1330 ὑμετέραν
425 1248 558 1328 ἀδικίαν,
595 1253 769 1327 praeterea
805 1247 931 1330 XXIII,
964 1254 1020 1332 233
1052 1249 1176 1330 XXIV,
1208 1245 1265 1332 96,

146 1353 285 1436 XXVII,
311 1359 348 1419 13
373 1358 408 1419 et
431 1353 571 1435 saepius.
614 1353 704 1436 Quae
729 1374 799 1421 cum
823 1355 873 1420 ita
895 1354 971 1438 sint,
995 1361 1085 1421 recte
1104 1355 1266 1421 Blassium

146 1456 264 1524 fecisse
287 1477 382 1541 nege,
408 1458 493 1538 quod
522 1459 565 1541 II,
591 1464 609 1523 5
634 1459 701 1536 (καί
725 1461 814 1523 δυοῖν
837 1461 912 1542 ἕνεχ’
927 1462 1067 1543 ἡγοῦμαι
1093 1462 1266 1543 συμφέρειν

146 1565 288 1647 είρῆσὺαι
316 1572 372 1629 τοῦ
401 1574 427 1628 τ’
444 1567 575 1639 ἐκεῖνον,
607 1565 685 1647 ὅπερ
714 1566 768 1628 καί
798 1566 918 1648 ἀληὺὲς
947 1567 1092 1648 ὑπάρχει,
1123 1568 1267 1649 φλαῦρον

145 1672 323 1754 φαίνεσθαι,
346 1673 477 1736 καὶτοῦ
501 1672 574 1743 τοὺς
595 1674 953 1756 ὑπερεκπεπληγμένους
978 1674 1024 1744 ὡς
1047 1674 1174 1757 ἄμαχόν
1202 1698 1265 1737 τινα

145 1778 199 1842 τόν
231 1779 394 1853 Φίλιππον,
423 1780 497 1843 ἰδεῖν
528 1781 574 1842 ότι
597 1780 676 1863 κτλ.)
703 1780 771 1844 cod.
796 1780 830 1841 Σ
850 1785 981 1845 secutus
1007 1787 1063 1843 τοῦ
1092 1785 1170 1845 ante
1192 1780 1266 1851 τοὺς

145 1886 503 1968 ὑπερεκπεπληγμένους
528 1885 645 1951 omisit.
689 1884 793 1967 Quam
816 1885 915 1951 facile
939 1885 1065 1951 librarii
1094 1887 1189 1968 culpa
1211 1893 1265 1950 τοῦ

146 1994 223 2055 ante
246 1991 320 2061 τοὺς
339 1990 446 2056 omitti
465 1991 610 2074 potuerit
632 2010 724 2056 nemo
748 2011 812 2056 non
835 1991 1010 2074 intellegit.
1031 2029 1071 2037 —
1092 1991 1265 2074 XXXVII,

147 2103 165 2160 5
190 2103 300 2162 autem
325 2098 390 2181 (καί
411 2099 565 2179 τιὺέμεὺα
590 2100 761 2181 συνθήκας,
792 2100 825 2161 ἒν
856 2099 904 2169 οἷς
933 2101 1006 2181 ἥτε
1033 2100 1195 2180 μίσὺωσις
1225 2098 1265 2181 ἦν

146 2207 346 2288 γεγραμμένη
366 2206 420 2268 καί
443 2206 529 2276 λύσις
546 2207 648 2287 τούτῳ
671 2205 748 2288 παρ’
773 2208 870 2288 ἡμῶν
889 2208 923 2268 έν
946 2230 1003 2268 τινι
1031 2207 1119 2288 ῥητῷ
1140 2205 1263 2288 χρόνῳ)

146 2309 302 2376 articulus
321 2311 354 2376 in
375 2312 479 2376 altero
499 2313 640 2376 membro
660 2310 832 2376 omittitur.
873 2311 1085 2392 Quamobrem
1106 2311 1265 2394 XXIV,8

144 2423 198 2480 τοὺ
228 2419 393 2501 βοηθῆσαί
419 2420 453 2482 θ’
471 2421 536 2501 ἅμα
566 2425 605 2502 τῇ
633 2419 722 2482 πόλει
749 2419 803 2481 καὶ
832 2420 984 2501 τιμωρίαν
1010 2418 1089 2501 ὑπὲρ
1118 2416 1165 2482 ὧν
1192 2420 1264 2482 ε’πε-

144 2524 275 2587 πόνὺειν
304 2526 410 2607 λαβεῖν
441 2528 476 2590 et
504 2524 615 2606 XXX,
644 2531 681 2589 15
711 2525 827 2608 μεταξὺ
857 2531 913 2590 τοὺ
943 2527 1130 2608 συνοικῆσαί
1154 2550 1186 2588 τε
1211 2525 1267 2608 τὴν

144 2638 276 2711 γυναῖκα
296 2632 351 2694 καί
370 2639 470 2714 φῆσαι
488 2632 618 2702 τούτους
635 2634 826 2714 πεποιῆσθαι
844 2633 901 2715 την
920 2633 1087 2714 ἀπόλειψιν
1107 2632 1265 2698 articulus

144 2756 206 2801 non
230 2738 391 2820 repetitus
414 2738 459 2803 sit
482 2758 573 2803 nemo
599 2744 650 2803 est
673 2739 750 2818 quin
773 2738 871 2803 facile
895 2745 1080 2821 cognoscat.

232 2845 447 2925 PraepositIo,
487 2864 571 2924 quae
613 2845 656 2908 ad
695 2850 866 2924 utrumque
904 2846 1080 2910 membrum
1123 2849 1262 2929 spectat,

143 2949 273 3030 saepius
304 2949 337 3014 in
368 2951 471 3014 altero
498 2952 640 3016 membro
671 2950 832 3015 omittitur
856 2970 952 3031 quam
981 2951 1154 3031 repetitur.
1206 2951 1263 3018 Bis

142 3056 251 3137 posita
280 3061 332 3121 est
358 3057 417 3138 ΠΙ,
444 3062 484 3122 25
514 3060 548 3121 έν
575 3083 607 3121 τε
633 3065 698 3129 τοῖς
724 3064 840 3129 κοινοῖς
867 3059 929 3121 κάν
955 3064 1016 3127 τοῖς
1043 3059 1141 3131 ἰδίοις,
1170 3058 1260 3140 VIII,

143 3168 182 3227 67
208 3167 282 3247 περί
302 3166 337 3227 δ’
354 3167 447 3247 ὑμῶν
477 3166 531 3228 καί
559 3167 631 3248 περὶ
662 3167 768 3230 αὑτῶν
794 3165 918 3246 XVIII,
946 3170 1023 3246 1093
1052 3164 1179 3246 XXIII,
1207 3170 1260 3248 10;

141 3268 314 3351 XXXVII,
339 3277 369 3335 8.
394 3308 438 3318 —
462 3270 633 3336 Omittitur
655 3272 855 3352 praepositio
878 3271 971 3352 XXI,
996 3277 1060 3354 Ι126
1085 3273 1127 3341 εἴς
1150 3296 1182 3334 τε
1204 3272 1261 3354 τὴν

141 3377 328 3459 λῃτουργίαν
351 3378 462 3441 καὶτὸ
486 3381 566 3460 σῶμ’
592 3379 760 3460 ὑβρίσθην,
790 3378 917 3459 ΧΧΙΠ,
940 3383 979 3443 39
1003 3379 1090 3460 παρά
1114 3379 1148 3440 θ’
1165 3380 1261 3460 ἡμῶν

139 3484 194 3546 καί
213 3491 278 3547 τῶν
300 3485 536 3566 ἀστυγειτόνων,
552 3485 692 3566 XXVII,
711 3491 761 3566 13,
779 3491 836 3567 593
855 3484 1012 3566 XXVIII,
1029 3491 1063 3568 83
1082 3485 1258 3568 XXXVII,

139 3594 174 3672 43
199 3591 301 3670 LVII,
329 3596 379 3657 12.
404 3630 443 3637 -
470 3592 543 3673 XV,
571 3598 610 3657 lo
634 3595 669 3657 et
690 3591 817 3673 XXIII,
846 3597 908 3656 170
933 3591 1060 3657 codices
1083 3591 1257 3657 fluctuant:

138 3694 205 3760 illic
228 3695 257 3760 F
286 3697 357 3759 ΥΩ
380 3717 436 3763 uv
459 3698 512 3762 hle
538 3698 611 3761 ΥΩ
633 3699 716 3763 krs
739 3697 1014 3779 praepositionem
1041 3696 1092 3761 bis
1120 3703 1257 3778 ponunt:

137 3800 223 3866 idem
255 3802 376 3867 accidit
403 3804 529 3884 XXIII,
555 3810 607 3884 30,
638 3804 693 3869 ubi
720 3805 754 3866 Σ
769 3803 833 3866 ΥΩ
859 3806 942 3868 krs
967 3804 1003 3864 A‘
1027 3803 1141 3884 legunt
1171 3805 1204 3865 ἔν
1227 3827 1259 3866 τε

137 3917 184 3991 τῷ
205 3911 355 3991 προτέρῳ
383 3910 476 3991 νόμῳ
503 3911 557 3972 καὶ
580 3912 691 3991 τούτῳ,
717 3909 801 3989 quod
825 3909 972 3973 BlassIus
1001 3914 1035 3973 et
1063 3907 1256 3974 Turicenses

137 4017 341 4095 receperunt,
380 4032 451 4078 cum
484 4014 655 4079 Bekkerus
694 4033 764 4079 cum
803 4012 922 4078 ceteris
957 4013 1051 4078 libris
1087 4014 1120 4076 ἐν
1154 4013 1256 4096 τούτῳ

137 4121 316 4202 scripserit.
378 4121 491 4201 Neque
527 4141 605 4187 vero
650 4127 711 4203 est,
754 4121 839 4201 quod
888 4123 928 4186 ab
977 4120 1096 4203 optimo
1145 4121 1255 4187 codice

137 4227 366 4309 discrepemus.

226 4331 451 4401 Traiectiones
480 4336 663 4418 particulae
681 4361 712 4399 τε
743 4355 764 4400 a
787 4336 1006 4401 Demosthene
1034 4335 1163 4401 alienae
1191 4356 1254 4401 non

136 4446 226 4507 sunt:
255 4442 324 4525 LV,
351 4447 389 4508 11
420 4445 455 4507 τὸ
484 4446 576 4527 ὕδωρ
604 4445 643 4507 τά
672 4467 704 4506 τε
733 4445 828 4526 χωρί’
845 4444 1023 4526 ἐλυμήνατο
1051 4444 1105 4506 καὶ
1133 4444 1253 4525 μᾶλλον
