2932 5032
175 464 222 535 36

174 675 334 749 ὡδοποίει,
366 695 427 755 quo
457 676 527 742 loeo
557 675 721 758 particula
743 701 774 739 τε
799 674 828 740 ei
851 677 950 742 verbo
982 673 1096 740 addita
1120 679 1184 756 est,
1211 673 1304 756 quod

174 780 216 845 ad
253 786 422 862 utrumque
459 785 634 848 membrum
671 781 824 863 pertinet.
891 783 962 847 Huo
999 781 1209 847 referendum
1247 788 1305 847 est

172 887 197 969 I,
223 894 241 952 5
275 889 371 971 δῆλον
402 891 463 972 γάρ
491 891 551 953 ἔστι
578 897 642 960 τοῖς
666 889 846 960 Ὀλυνθίοις
876 891 920 952 ὅτι
946 893 1003 953 νῦν
1031 890 1070 952 οδ
1099 889 1173 971 περὶ
1198 889 1303 972 δόξης

173 996 242 1059 οὐδ’
259 995 339 1078 ὑπὲρ
358 998 476 1079 μέρους
495 999 604 1079 χώρας
624 999 771 1067 κίνδυνος
795 997 861 1059 ἀλλ’
879 998 1081 1066 ἀναστάσεως
1099 996 1154 1059 καὶ
1173 996 1300 1079 ἀνδρα-

171 1104 331 1185 ποδισμοῦ
354 1111 417 1186 τῆς
432 1105 589 1186 πατρίδος,
612 1105 665 1167 καὶ
690 1107 790 1168 ἴσασιν
814 1106 836 1166 δι’
861 1104 1137 1186 τ’Ἂμφιπολιτῶν
1164 1104 1302 1186 ἐποίησε

172 1209 246 1279 τοὺς
275 1211 477 1291 παραδόντας
507 1212 596 1293 αὐτῷ
624 1212 681 1294 τὴν
708 1212 798 1274 πόλιν
826 1211 880 1274 καὶ
907 1209 1085 1274 Πυδναίων
1111 1209 1188 1280 τοὺς
1212 1211 1301 1274 ὑπσ-

175 1317 378 1399 δεξαμένους.
432 1316 501 1399 Quo
530 1319 600 1383 loeo
629 1318 669 1382 de
698 1316 913 1383 translatione
941 1316 1124 1399 particulae
1148 1316 1302 1382 dubitari

173 1427 291 1505 potest.
347 1423 381 1489 Si
411 1429 563 1504 putamus
592 1424 763 1505 particulis
792 1426 940 1488 τε-καί
968 1423 1117 1506 coniungi
1147 1426 1303 1489 membra

168 1531 262 1612 Ἃμιγ.
282 1530 355 1600 τοὺς
372 1533 574 1613 παραδόντας
599 1536 631 1596 et
655 1532 759 1594 Πυδν.
783 1532 858 1602 τοὺς
881 1533 1147 1613 ὑποδεξαμένους,
1172 1529 1301 1597 iustum

173 1656 262 1702 sunm
279 1637 382 1701 loeum
399 1663 430 1700 τι
451 1638 551 1702 habet
569 1643 644 1718 post
665 1640 905 1721 Ἀμφιπολιτῶν.
934 1638 1150 1704 θεόσδοτον]
1166 1657 1302 1719 quoque

171 1743 242 1809 lieri
273 1748 396 1825 potest:
429 1745 535 1825 repeti
573 1745 657 1810 enim
692 1751 803 1827 potest
839 1750 913 1826 post
948 1747 1001 1809 καὶ
1038 1764 1213 1827 pronomen
1251 1766 1304 1812 re·

171 1851 307 1917 lativum
332 1855 362 1914 d.
417 1851 475 1916 Oui
499 1853 684 1918 sententiae
714 1858 877 1934 repugnat
907 1871 947 1917 ea
976 1872 1040 1933 res,
1065 1852 1149 1932 quod
1178 1852 1304 1919 Demo·

173 1959 307 2023 sthenes
326 1956 482 2023 eiusmodi
501 1960 670 2040 voeabula,
692 1979 762 2025 oum
786 1959 826 2024 iis
846 1959 941 2023 addit
958 1985 1000 2045 τε,
1019 1964 1169 2041 repetere
1191 1960 1301 2026 solet:

172 2064 212 2129 cf.
249 2065 310 2147 HI,
347 2071 361 2129 1
403 2066 478 2128 ὅταν
509 2069 531 2127 τ’
563 2068 634 2136 εἰς.
666 2117 672 2128 .
703 2118 709 2128 .
742 2117 749 2130 .
774 2068 951 2149 ἀποβλέψω
989 2068 1042 2130 καὶ
1080 2067 1156 2130 ὅταν
1188 2116 1194 2131 .
1221 2116 1227 2128 .
1256 2118 1264 2131 .
1293 2120 1300 2131 .

172 2174 293 2246 ἀκούω,
318 2172 444 2253 XXIII,
470 2178 511 2237 45
535 2183 581 2256 τῷ
603 2176 625 2235 τ’
648 2224 654 2236 .
675 2225 680 2235 .
702 2225 707 2236 .
729 2224 735 2236 .
755 2176 849 2237 εἰπεῖν
874 2224 879 2236 .
901 2225 907 2236 .
928 2224 933 2236 .
957 2225 963 2237 .
987 2175 1041 2237 καὶ
1064 2182 1110 2256 τῷ
1136 2175 1300 2256 διορίζειν,

173 2283 213 2343 51
238 2281 283 2342 ὅτι
302 2282 321 2342 τ’
345 2329 352 2342 .
372 2330 378 2341 .
398 2330 404 2342 .
425 2330 430 2342 .
451 2282 505 2343 καὶ
524 2281 577 2344 ὅτι.
620 2278 712 2363 (Ood.
733 2280 764 2342 Ω
782 2281 807 2361 I,
829 2287 847 2346 5
872 2300 931 2361 pro
955 2283 977 2344 ἅ
998 2283 1019 2344 τ’
1041 2282 1178 2362 praebet
1201 2283 1300 2367 ἅττ’.)

259 2387 358 2451 Aliud
387 2407 490 2468 genus
520 2388 725 2453 traiectionis
755 2396 889 2470 praesto
925 2395 976 2453 est
1005 2389 1128 2470 XVIII,
1160 2395 1202 2454 25
1239 2393 1301 2454 nol

174 2494 235 2576 γὰρ
268 2496 304 2557 ἒν
336 2495 457 2557 τούτων
490 2496 610 2557 εἷ’σεσδε
640 2497 683 2564 τίς
714 2495 753 2577 ι’γν
785 2497 803 2558 ό
839 2497 984 2577 Φιλίππῳ
1015 2520 1048 2558 τε
1077 2496 1133 2579 τὴν
1163 2497 1301 2580 εἰρήνην

174 2601 465 2681 συναγωνιζόμενος
496 2601 549 2662 καὶ
581 2603 623 2669 τίς
656 2601 674 2662 ό
706 2603 853 2682 πράττων
886 2602 967 2684 ὑπὲρ
996 2603 1090 2683 ὑγιῶν
1128 2603 1207 2665 md:
1247 2600 1301 2668 ita

173 2705 287 2783 legunt
317 2705 386 2769 eod.
418 2705 451 2766 Σ
479 2711 514 2770 et
543 2725 591 2786 pr.
622 2706 661 2787 L,
694 2706 794 2771 ueteri
825 2706 899 2771 libri
929 2709 973 2776 τίς
1003 2707 1042 2789 ἦν
1073 2708 1091 2769 ὁ
1125 2706 1162 2769 Φ.
1192 2708 1299 2771 πάντα

174 2811 478 2893 συναγωνιζόμενος,
500 2812 584 2890 qnod
608 2811 641 2876 in
661 2789 858 2876 aditionibus
877 2811 1041 2893 plerisque
1061 2816 1181 2876 exstat.
1221 2813 1299 2879 Hoc

175 2938 300 2999 quoqne
330 2920 399 2984 loeo
432 2920 471 2984 de
502 2920 696 2985 traiectione
728 2920 910 3000 particulae
938 2946 969 2983 τε
997 2919 1139 2985 dubitari
1167 2925 1296 3001 potest:

175 3025 201 3090 Si
227 3025 448 3103 etruitlugimus
476 3028 517 3096 τίς
545 3027 584 3109 ἦν
613 3028 630 3088 ὁ
659 3028 952 3108 συναγωνιζόμενος
981 3033 1015 3090 et
1037 3028 1080 3096 τίς
1104 3029 1122 3089 ό
1144 3028 1299 3108 πράττων

175 3131 338 3212 particula
365 3131 397 3196 in
429 3131 513 3195 insto
542 3150 598 3196 suo
627 3132 697 3195 looo
729 3131 889 3196 oollooata
912 3151 975 3196 non
1000 3139 1064 3214 est;
1089 3131 1148 3198 sed
1170 3133 1299 3199 rectius

176 3239 262 3304 inter
286 3259 321 3304 se
346 3246 549 3321 opponuntur
577 3241 720 3322 Φιλίππῳ
744 3245 779 3304 et
802 3241 883 3322 ὑπὲρ
907 3243 1015 3323 ὑμιῖιν;
1040 3260 1116 3305 num
1138 3265 1169 3304 τε
1188 3241 1299 3307 delen-

176 3346 250 3411 dum
273 3347 317 3411 sit
341 3347 437 3412 valde
467 3346 587 3411 dubito.
621 3385 660 3393 -
687 3348 809 3428 XXIV,
838 3355 877 3412 12
908 3347 1045 3426 lupinus
1068 3349 1142 3429 ἔλεγ’
1160 3348 1240 3410 ἄλλα
1265 3375 1299 3414 τε

175 3454 285 3525 πολλά,
313 3456 365 3517 καὶ
394 3455 540 3537 διεξῆλθε
565 3504 685 3525 .....
716 3455 769 3519 ubi
797 3481 828 3517 τε
857 3460 1084 3535 exspectandus
1113 3459 1188 3536 post
1210 3455 1301 3538 ἔλεγε

176 3563 235 3622 aut
262 3560 337 3622 ἄλλα
366 3586 396 3622 τε
423 3562 524 3623 πολλὰ
545 3564 628 3642 ἔλεγε
657 3563 712 3644 (cf.
737 3561 889 3640 XLVIII,
915 3567 958 3626 44
985 3563 1020 3623 τό
1044 3564 1065 3623 τ’
1084 3562 1162 3624 ἄλλα
1191 3562 1300 3643 ἔλεγεν

177 3716 182 3727 .
208 3716 213 3727 .
240 3717 245 3727 .
272 3716 277 3728 .
302 3668 354 3729 καὶ
383 3668 621 3751 κατεχρήσατο),
653 3687 757 3747 neque
781 3688 858 3732 Vero
889 3668 942 3733 llic
972 3668 1198 3733 inflectionem
1222 3688 1299 3749 par·

176 3770 297 3836 ticnlae
334 3777 465 3837 exstare
502 3792 537 3837 re
575 3792 654 3839 vera
692 3772 755 3837 diei
794 3778 913 3854 potest.
975 3775 1015 3839 ot.
1057 3773 1198 3855 XXVII,
1235 3779 1297 3857 493

176 3881 332 3963 XXXVI,
358 3886 387 3945 3.

267 3988 343 4051 (lum
375 3986 531 4052 adverbio
562 3991 629 4070 ἅμα
660 3987 913 4054 Dernostlrenes¹
942 4008 1018 4053 raro
1053 3987 1220 4071 coniungit
1253 4013 1297 4055 τε.

177 4091 286 4156 Codex
308 4092 341 4154 Σ
357 4094 495 4173 praebet
517 4094 577 4156 hoo
601 4093 718 4173 octies;
743 4095 912 4159 collocatio
937 4094 1030 4160 varia
1054 4100 1119 4159 est:
1143 4094 1254 4177 XXII,
1277 4102 1294 4161 l

269 4336 275 4365 ¹
304 4336 343 4388 lu
368 4351 417 4387 usu
443 4336 513 4402 opud
541 4336 650 4389 lsoornt.
677 4340 709 4390 rt'.
737 4337 907 4406 ruur.‚1u‹„r.
934 4340 986 4389 356
1014 4356 1061 4404 up,
1088 4339 1158 4407 uprul
1186 4346 1294 4393 ceteros

178 4432 246 4478 orni.
265 4441 326 4491 purg.
346 4428 406 4476 utro.
