2932 5032
1241 433 1288 501 53

167 641 379 726 παρασκευάς
408 641 515 722 λόγων
542 641 595 703 καί
621 641 788 722 μάρτυρας
819 642 857 703 ού
881 640 1006 722 τάληθῆ
1028 641 1291 722 μαρτυρήσοντας

168 752 188 816 δ
230 751 320 832 ἀγών
361 749 442 811 ἔστιν
462 769 468 781 ·
488 749 581 830 ὅμως
620 750 728 830 μέντοι
763 754 912 811 τοσοῦτον
953 746 1041 830 οἶμαι
1078 747 1205 810 διοίσειν
1246 755 1292 828 τῴ

168 858 348 940 δικαιότερα
371 856 486 918 τούτου
509 856 607 936 λέγειν
629 856 694 919 κτλ.
741 853 781 919 ci.
807 853 996 935 XXXVIII,
1022 859 1078 936 243
1104 851 1208 940 [Lys]
1234 853 1290 935 VI,

171 962 337 1046 1231sae.
362 960 419 1042 IV,
447 966 501 1042 183
526 960 585 1042 IX,
613 965 668 1043 183
693 961 735 1042 X,
758 965 808 1024 18.
835 997 875 1004 -
901 959 1023 1025 Similis
1045 960 1135 1025 locus
1158 963 1291 1040 praesto

169 1074 224 1136 est
254 1068 340 1151 apud
363 1067 558 1133 Aeschinem
588 1069 614 1149 I,
641 1073 691 1149 74,
717 1066 772 1132 uhi
802 1068 895 1149 ὅμως
924 1067 1070 1147 sequitur
1097 1066 1290 1148 particulam

168 1180 276 1261 μέντοι
292 1201 302 1242 .·
321 1174 407 1240 οὗτοι
436 1177 543 1257 μέντοι
573 1177 646 1238 ὅταν
674 1175 755 1256 πρὸς
783 1183 820 1257 τῇ
852 1176 974 1257 ἀνάγκη
998 1176 1093 1257 ταύτῃ
1119 1176 1291 1256 γίγνωνται,

171 1286 265 1368 ὅμως
293 1284 357 1367 πρά
385 1308 419 1365 γε
448 1291 504 1366 τῆς
530 1284 679 1366 αἰσχύνης
705 1283 940 1365 προβάλλονταί
965 1307 991 1344 τι
1019 1283 1073 1346 καὶ
1101 1283 1294 1365 συγκλῄουσι

170 1392 231 1464 τὰς
253 1392 359 1473 θύρας

262 1497 365 1563 Multa
395 1497 503 1563 rarius
530 1499 638 1579 μέντοι
669 1496 842 1563 adhibetur
873 1496 915 1561 ad
946 1495 1207 1579 confirmandum,
1239 1494 1294 1576 qui

173 1623 253 1671 usus
276 1609 313 1669 ut
343 1608 498 1670 accurate
526 1605 567 1669 ab
597 1603 663 1685 illc,
693 1604 785 1668 mudc
817 1604 929 1686 allate,
955 1603 1170 1685 discernatur,
1195 1621 1294 1684 saepe

172 1711 246 1778 fieri
268 1731 333 1776 nen
355 1715 475 1793 potest.
496 1750 536 1757 —
557 1711 764 1776 dinumerabo
787 1711 958 1776 ucuuuilos
981 1711 1079 1792 Ιοσοε,
1105 1710 1219 1790 quihus
1245 1709 1295 1778 vis

175 1819 379 1901 approbandi
415 1818 513 1884 facile
550 1817 763 1900 intellegitur.
826 1817 979 1883 Aeschin.
1021 1817 1047 1899 Ι,
1085 1824 1141 1882 98:
1185 1821 1295 1882 orator

176 1924 282 2008 affert,
313 1945 393 2006 quas
423 1945 476 1990 res
508 1924 700 1991 Timarchus
730 1924 916 1990 hereditate
946 1928 1087 2006 paterna
1115 1923 1294 2005 acceperit:

175 2034 223 2096 ὅτι
242 2033 277 2097 δὲ
295 2033 378 2096 ταῦτ’
393 2034 500 2115 ἀληθῆ
518 2034 612 2114 λέγω,
634 2032 749 2114 inquit,
770 2033 908 2095 ἐνταῦθα
927 2034 1032 2115 μέντοι
1050 2033 1089 2114 νὴ
1109 2032 1166 2094 Δία
1181 2037 1296 2113 σαφῶς

175 2140 262 2203 πάνυ
290 2141 345 2203 καί
373 2140 552 2223 διαρρήδην
582 2140 646 2221 ἐγὼ
673 2147 915 2222 μαρτυροῦντας
941 2141 1015 2222 ύμῖν
1038 2138 1111 2209 τοὺς
1133 2140 1296 2221 μάρτυρας

176 2251 364 2333 παρέξομαι.
402 2286 442 2295 -
479 2250 646 2313 Demosth.
680 2249 769 2330 XLI,
805 2255 860 2313 29:
900 2247 1040 2329 Spudias
1078 2247 1297 2329 quadraginta

177 2353 282 2419 minas
313 2353 399 2419 dctis
428 2353 552 2436 habuit,
584 2373 644 2436 ego
676 2353 828 2436 trigiuha3
860 2353 947 2418 mille
980 2353 1151 2418 drachmas
1181 2357 1297 2433 postea

178 2479 242 2525 non
272 2461 373 2526 solum
404 2480 467 2524 11011
497 2459 618 2541 accepi,
644 2459 702 2524 sed
733 2459 832 2524 etiam
864 2479 948 2525 nunc
979 2459 1019 2524 de
1049 2456 1091 2524 ii's
1118 2457 1297 2540 pericliter,

178 2567 270 2648 quasi
300 2566 419 2634 iniuste
450 2586 507 2632 eas
537 2568 689 2633 habeam:
725 2567 775 2630 διὰ
807 2574 901 2630 ταῦτα
935 2569 1042 2650 μέντοι
1072 2567 1238 2636 Σπουδίας
1269 2563 1297 2628 ὧ

177 2675 248 2739 ἀνδ.
273 2674 332 2737 δικ.
354 2681 419 2744 τοῖς
442 2676 547 2756 φίλοις
571 2676 632 2737 οὐκ
657 2674 793 2743 ἐβούλετ’
811 2675 981 2756 ἐπιτρέψας
999 2674 1217 2755 ἀπαλλαγῆναι
1234 2677 1298 2735 τῶν

177 2781 261 2863 πρὸς
288 2780 337 2863 ἔμ’
354 2782 570 2863 ἐγκλημάτων,
595 2783 639 2844 ὅτι
667 2782 730 2844 κτλ.
762 2818 803 2826 -
835 2781 958 2845 Audeo.
982 2780 1024 2861 11,
1051 2787 1107 2845 23:
1137 2778 1242 2845 Servis
1266 2783 1300 2843 ei

178 2886 370 2968 peregrinis,
397 2886 450 2966 qui
478 2886 571 2952 vobis
600 2889 683 2953 hene
714 2887 824 2952 facere
856 2886 1063 2967 videbantur,
1095 2905 1193 2967 saepe
1224 2883 1301 2951 civi-

178 2997 282 3059 tatem
310 2992 486 3058 tribuistis:
517 2994 572 3057 καὶ
600 3001 696 3057 ταῦτα
719 2996 825 3076 μέντοι
853 2995 966 3076 ὀρθῶς
995 2995 1084 3075 ὑμεῖς
1107 2998 1300 3075 φρονοῦντες

179 3101 290 3165 δίδοτε.
326 3137 365 3146 -
399 3099 600 3167 Particulam
632 3104 741 3184 μέντοι
773 3100 806 3165 in
839 3100 1003 3182 responsis
1036 3098 1226 3181 saepissime
1258 3097 1301 3163 ad

179 3207 430 3273 confirmandum
460 3207 608 3273 adhiberi
637 3212 767 3273 constat
795 3206 909 3293 (saepe
938 3208 1024 3289 apud
1052 3208 1233 3288 Platonem,
1259 3203 1300 3271 cf.

178 3313 311 3396 Hcefer,
337 3314 378 3378 de
401 3319 487 3394 part.
511 3314 598 3379 Plat.
624 3333 700 3396 pag.
726 3321 767 3380 32
792 3315 871 3400 sq.):
903 3335 1038 3395 quocum
1062 3333 1131 3395 usu,
1157 3312 1247 3377 cuius
1270 3311 1303 3376 in

179 3418 382 3485 orationibus
422 3421 511 3484 locus
551 3439 615 3484 neu
657 3424 718 3502 est,
762 3421 980 3502 comparanda
1025 3424 1100 3486 suut
1146 3417 1303 3484 eiusmodi

181 3528 340 3609 exempla,
371 3531 410 3592 ut
436 3526 604 3592 Demoscu.
632 3527 757 3610 XVIII,
783 3535 846 3593 210
876 3529 930 3610 ἐμὲ
960 3529 994 3592 δὲ
1025 3578 1030 3590 .
1056 3577 1062 3590 .
1088 3578 1093 3590 .
1121 3579 1126 3591 .
1158 3527 1194 3589 τὸ
1221 3528 1304 3597 τίνος

180 3634 335 3717 φρόνημα
358 3633 482 3717 λαβόντ’
500 3635 682 3717 ἀναβαίνειν
709 3636 759 3698 ἐπὶ
788 3634 823 3697 τδ
847 3634 924 3717 βῆμ’
942 3636 1022 3711 έδει,·
1044 3634 1079 3697 τδ
1102 3641 1158 3697 τοῦ
1181 3634 1303 3697 τούτων

180 3740 283 3814 ἀνάξι’
300 3742 466 3823 ε’ροῦντος,·
491 3744 624 3812 δικαίως
646 3742 732 3825 μέντ’
748 3745 787 3804 ἀν
810 3744 981 3805 ἀπέθανον.
1027 3742 1121 3822 XIX,
1144 3746 1206 3804 138
1227 3743 1304 3823 ζητῇ

181 3847 272 3912 πόλλ’
288 3849 470 3921 ἀναλίσκειν,
488 3850 561 3922 ε’ξὸν
581 3850 708 3921 ε’λάττω,
728 3850 782 3910 καί
800 3850 920 3918 πάντας
938 3849 1125 3929 θεραπεύειν
1144 3848 1306 3931 βούληται»

182 3953 270 4036 δύ’ίλ
294 3960 373 4036 τρεῖς
397 3955 485 4030 ε’ξόν,Ι
508 3957 652 4037 μαίνοιτο
675 3954 758 4036 μέντ’
775 3955 821 4017 ἀν.
842 3952 998 4018 Dinareh.
1019 3954 1045 4035 I,
1067 3959 1123 4018 59:
1145 3953 1196 4016 διὰ
1215 3959 1306 4016 τοῦτο

182 4061 222 4125 ού
253 4063 431 4125 πιστευτέον
466 4068 503 4144 τῇ
539 4062 642 4145 βουλῇ
677 4062 747 4143 περὶ
782 4067 845 4123 τῶν
878 4062 1061 4143 γενομένων
1099 4061 1305 4142 ἀποφάσεων,

182 4167 289 4249 ἐπειδὴ
315 4167 350 4230 σὲ
369 4168 423 4230 καὶ
445 4167 519 4237 τοὺς
537 4168 614 4251 μετὰ
638 4174 695 4230 σοῦ
718 4166 753 4230 τδ
773 4169 904 4250 χρυσίον
928 4169 1058 4250 ἔχοντας
1078 4168 1307 4249 ἀποπέφαγκε,

185 4273 289 4337 δεινὸν
316 4275 402 4356 μέντ’
419 4277 458 4337 ἂν
488 4278 544 4357 εἴη.
596 4272 716 4338 Similis
747 4274 886 4338 formula
919 4279 1030 4339 exstat
1063 4273 1149 4355 apud
1179 4274 1307 4337 Isaeum

182 4380 226 4463 X,
249 4387 304 4447 12:
325 4380 410 4444 δεινά
429 4381 513 4463 μέντ’
530 4385 569 4444 ἀν
594 4382 738 4463 γίγνοιτο.
761 4419 800 4426 -
824 4381 870 4448 Ut
892 4381 944 4448 his
964 4380 1054 4464 lociS,
1074 4381 1123 4446 itu
1146 4378 1308 4445 nonnullis
