2932 5032
1239 441 1285 508 21

168 644 243 725 ΧΠ,
274 649 336 708 271
366 643 444 706 ἀλλὰ
473 645 613 726 δηλῶσαι
643 646 839 726 βουλόμενος
869 645 906 707 τά
929 671 960 708 τε
983 646 1055 728 περὶ
1079 648 1135 728 ἐμὲ
1160 671 1286 728 γεγενη-

167 753 257 833 μένα,
277 752 331 813 καὶ
354 757 419 814 τῶν
438 753 606 832 ἀκροατῶν
629 753 790 815 ἐπαινέσαι
811 753 870 834 μὲν
887 752 959 821 τοὺς
981 751 1058 838 κτλ.)
1099 753 1170 816 Non
1191 751 1288 816 aliter·
1328 827 1329 830 Ἰ

168 877 221 922 res
245 877 278 922 se
302 858 405 921 habet
427 857 503 938 XII,
531 863 592 921 177
616 859 706 941 τρίχα
731 859 876 922 διείλοντο
900 861 956 928 τάς
977 884 1009 921 τε
1031 860 1137 928 πόλεις
1160 861 1214 921 καὶ
1233 859 1288 928 τὰς

168 967 279 1047 χώρας
310 965 476 1046 ἀφείλοντο
508 964 581 1034 τοὺς
615 964 747 1035 δικαίως
781 968 1006 1046 κεκτημένονςε
1045 966 1216 1030 Bekkerus
1255 969 1290 1028 et

169 1071 364 1136 Turieenses
393 1070 588 1151 particulam
620 1071 782 1152 omittunt
815 1071 962 1135 Blassius
992 1076 1065 1152 post
1095 1072 1150 1142 τὰς
1180 1073 1289 1153 χώρας

170 1177 265 1243 addit
283 1179 328 1251 ἅς,
347 1177 489 1242 Fuhrius
512 1177 653 1244 mutavit
675 1180 731 1248 τάς
753 1202 785 1241 τε
808 1178 911 1247 πόλεις
932 1179 1022 1260 τρίχα
1050 1178 1197 1241 διείλοντο
1220 1178 1287 1259 καὶ,

168 1302 274 1363 neque
309 1304 386 1349 vero
424 1288 483 1365 est,
524 1284 608 1364 quod
651 1283 719 1349 eod.
758 1284 791 1346 Γ
822 1283 994 1348 lectionem
1035 1289 1195 1349 mutemus
1233 1282 1287 1367 (ef.

170 1390 369 1456 Andocidem
401 1391 426 1473 Ι,
461 1397 499 1455 17
534 1393 588 1455 καὶ
618 1392 801 1474 ἀπογράφει
833 1392 905 1460 τούς
936 1415 967 1453 τε
997 1392 1121 1471 ἄλλους,
1153 1391 1207 1454 καὶ
1238 1391 1290 1454 τὸν

169 1500 288 1580 πατέρα
312 1501 373 1580 ἔφη
400 1549 432 1560 ..
455 1550 461 1561 .
481 1496 505 1582 ).

257 1606 313 1668 καί
337 1604 387 1669 bis
411 1604 463 1670 vel
492 1607 544 1668 ter
571 1605 710 1685 positum
739 1604 935 1686 particulam
965 1629 995 1666 τε
1019 1622 1117 1684 saepe
1142 1603 1233 1682 sequi
1258 1607 1292 1668 et

171 1711 258 1776 inter
281 1713 425 1774 τε-καί
447 1696 585 1775 alterum
608 1714 665 1774 καί
688 1711 839 1777 collocari
863 1730 962 1791 supra
987 1711 1243 1776 commemoravi.

260 1814 441 1899 Singularis
457 1822 508 1881 est
525 1817 716 1899 coniunctim
739 1837 822 1896 qnae
841 1823 973 1898 praesto
989 1822 1041 1882 est
1053 1818 1091 1898 V,
1110 1823 1171 1883 122
1189 1820 1289 1881 ἀπαλ-

169 1926 259 1998 λάξαι
287 1950 318 1987 τε
345 1924 417 1994 τοὺς
446 1927 701 2005 ξενιτενομένονς
728 1931 793 1988 τῶν
820 1931 933 1987 κακῶν
957 1923 1004 1987 ὧν
1027 1926 1117 1987 αὐτοί
1142 1924 1166 1985 τ’
1183 1927 1291 2007 ἔχουσι

169 2033 222 2094 καὶ
240 2039 304 2100 τοῖς
322 2032 428 2100 ἄλλοις
445 2033 625 2112 παρέχουσι,
642 2032 695 2094 καὶ
709 2032 813 2102 πόλεις
832 2034 867 2104 ἐξ
883 2033 988 2094 αὐτῶν
1002 2039 1149 2113 συστῆσαι
1164 2032 1233 2094 καὶ.
1246 2082 1251 2093 .
1264 2079 1290 2104 .,

168 2137 224 2203 ubi
247 2137 332 2201 inter
351 2139 497 2200 ιε--καί
517 2136 746 2218 interpositum
770 2143 821 2203 est
838 2139 985 2200 τε-καί
1007 2135 1061 2222 (ei.
1087 2137 1171 2216 quod
1191 2156 1291 2218 supra

169 2244 278 2309 menni
302 2244 341 2308 de
365 2244 421 2325 IV,
456 2249 517 2308 135
547 2242 934 2328 τε-τε-καί-ιε).
967 2282 1006 2289 -
1040 2243 1078 2325 V,
1111 2249 1152 2307 26
1182 2251 1237 2326 τῆς
1259 2269 1292 2307 τε

568 2332 900 2420 ψ”

171 2459 267 2539 δόξης
293 2458 454 2520 ....καὶ
476 2465 532 2540 τῆς
556 2463 670 2539 φωνῆς
692 2457 746 2519 καὶ
768 2462 832 2519 τῶν
855 2459 1042 2540 μεταβολῶν
1067 2508 1072 2520 .
1098 2509 1103 2520 .
1129 2508 1135 2520 .
1161 2509 1168 2522 .
1192 2461 1233 2521 ἔτι
1257 2458 1291 2521 δὲ

169 2570 233 2627 τῶν
259 2569 382 2646 καιρῶν
411 2565 473 2636 κτλ,
497 2563 553 2628 nbi
584 2566 733 2642 quartum
758 2564 934 2628 membrum
959 2564 1120 2629 adiectum
1148 2570 1195 2629 est
1221 2583 1291 2645 par-

170 2670 278 2736 ticulis
301 2674 344 2735 ἔτι
368 2673 411 2735 δέ.
456 2671 516 2752 ΙΧ,
542 2676 583 2735 32
607 2673 849 2733 ιε-καί-ἔτι
875 2670 1032 2734 <lb-uui.

259 2778 361 2843 Multo
390 2780 431 2843 ab
459 2797 519 2842 usu
550 2778 748 2842 Graecorum
779 2777 887 2841 aliena
911 2781 963 2842 est
986 2777 1169 2843 coniunctio
1192 2780 1290 2848 καλός

169 2910 200 2948 τε
222 2885 375 2966 κάγαθός,
400 2903 483 2964 quae
507 2887 616 2948 exstat
639 2883 695 2965 VI,
721 2888 761 2948 35
788 2884 830 2967 (E
855 2883 927 2957 Θν,
953 2904 1012 2949 0111.
1037 2909 1067 2947 τε
1091 2885 1124 2945 Γ
1118 2885 1134 2967 )
1160 2888 1195 2948 et
1216 2884 1289 2967 XV,

172 2998 212 3055 66
238 2992 304 3075 (Γ),
331 2991 384 3071 qui
407 2991 497 3056 lorus
525 2989 709 3072 exscriptus
737 2994 789 3055 est
812 3010 852 3055 ex
876 2990 965 3073 7111,
993 2997 1065 3073 133,
1097 2991 1151 3056 ubi
1180 3010 1290 3056 omnes

172 3097 299 3163 codices
330 3124 362 3161 τε
398 3097 566 3181 omittunt3
604 3117 679 3163 nam
712 3097 780 3162 iere
813 3097 959 3163 omnibns
997 3097 1076 3162 loeis
1114 3097 1290 3178 scriptores

171 3203 275 3270 Attiei
303 3206 385 3269 haee
413 3203 579 3270 adiectiva
607 3204 764 3269 adhibent
794 3204 826 3268 in
856 3204 1079 3270 coniunctione
1110 3205 1207 3274 καλὸς
1230 3205 1288 3267 κά-

172 3313 280 3394 γαθός,
307 3330 390 3391 quae
414 3310 596 3376 coniunctio
628 3330 723 3390 quam
747 3311 1033 3376 innumerabilibus
1057 3310 1137 3376 lueis
1160 3311 1291 3392 legatur

171 3438 263 3483 nemo
293 3423 344 3483 est
375 3417 429 3498 qui
456 3418 596 3483 neseiat:
625 3416 701 3497 quin
730 3417 828 3483 etiam
857 3436 974 3482 novum
1003 3437 1044 3482 ex
1075 3437 1114 3482 ea
1145 3419 1291 3482 substan-

172 3525 273 3591 tivum
315 3527 533 3606 καλοκαγαθία
575 3530 686 3590 natum
730 3530 790 3590 est.
855 3525 949 3589 Illam
992 3524 1182 3591 inusitatam
1221 3544 1292 3590 eon-

171 3631 366 3697 iunetiunem
390 3632 476 3713 apud
500 3638 645 3698 oratores
669 3652 733 3697 non
752 3631 943 3712 invenimus
963 3631 1027 3696 nisi
1051 3632 1137 3712 apud
1155 3631 1290 3712 Antiph.

171 3738 197 3819 Ι,
225 3744 265 3803 14
289 3742 323 3802 et
346 3739 432 3819 apud
454 3739 621 3803 Demosth.
645 3740 768 3821 XVIII,
795 3746 867 3805 310.
911 3739 988 3804 Cum
1011 3739 1091 3803 lueis
1114 3738 1291 3804 Isocrateis

172 3844 311 3926 optimus
344 3845 446 3909 codex
477 3845 672 3925 particulam
702 3865 766 3909 non
797 3847 967 3926 praebeat,
995 3870 1026 3908 τε
1058 3844 1289 3924 interpolatum
1325 3842 1327 3846 ’

172 3971 243 4016 esse
267 3954 356 4033 puto.

260 4058 400 4122 Praeter
428 4075 482 4121 eos
512 4057 609 4135 locus,
640 4076 718 4137 quos
747 4057 853 4139 attuli,
878 4056 911 4122 in
935 4056 1152 4123 deterioribus
1176 4057 1290 4124 codici-

171 4167 231 4231 bus
259 4184 358 4246 saepe
385 4190 416 4228 τε
442 4163 620 4230 invenitur:
655 4166 698 4246 Π,
724 4173 758 4247 93
786 4165 846 4247 ΠΙ,
873 4172 928 4247 563
953 4165 992 4247 V,
1018 4173 1047 4246 2,
1069 4173 1120 4247 27,
1151 4172 1192 4230 99
1218 4166 1287 4249 (E);

171 4272 228 4353 VI,
259 4277 314 4352 343
341 4271 410 4352 Vn,
441 4280 469 4353 7,
498 4276 550 4352 45,
583 4277 623 4335 78
649 4271 719 4354 (E);
743 4271 832 4352 VIII,
859 4279 887 4352 2,
915 4276 965 4352 63,
993 4276 1047 4352 733
1076 4271 1135 4352 IX,
1160 4278 1215 4353 293
1245 4272 1287 4354 Χ,

175 4384 229 4460 ιο;
254 4377 312 4460 XI,
334 4384 390 4460 τε,
413 4378 488 4459 un,
517 4384 587 4460 133,
614 4385 687 4460 aee,
713 4384 791 4461 ιιι,
816 4378 888 4461 XV,
916 4384 975 4442 ιιι
1003 4378 1066 4463 (E).
