2932 5032
1168 477 1216 550 45

93 689 124 774 I,
160 696 225 758 114
254 689 331 756 libri
361 687 481 771 partim
510 690 666 771 τοιγάρτοι
696 687 975 773 (ahglmopr
997 689 1073 754 Vat.
1105 688 1219 773 Laur.)

96 797 220 881 partim
245 804 415 880 τοιγαροῦν
440 796 557 881 (ceteri
582 793 698 879 bodie.)
727 798 896 876 praebent.
949 795 1027 860 Cum
1054 803 1220 879 τοιγαροῦν

98 904 166 970 alio
190 905 259 969 loco
284 903 371 985 apud
394 903 478 967 hunc
503 906 665 967 oratorem
689 921 753 966 non
781 901 994 984 inveniamus,
1018 901 1073 966 hic
1096 921 1221 982 quoque

97 1012 257 1093 τοιγάρτοι
283 1008 534 1091 praeferendum
564 1013 616 1073 est
639 1007 851 1092 (Weidnerus
881 1008 1007 1089 recepit
1029 1007 1220 1092 τοιγαροῦν).

98 1117 152 1182 De
176 1118 235 1200 IH,
258 1123 319 1183 132
344 1135 443 1198 supra
468 1114 618 1181 diximus.
640 1115 885 1180 —Dinarchus
909 1115 1045 1181 adhibet
1066 1118 1221 1198 τοιγάρτοι

100 1224 202 1290 semel
226 1225 283 1310 (II,
309 1223 375 1309 26),
399 1230 567 1305 τοιγαροῦν
589 1241 666 1287 usus
689 1241 753 1287 non
776 1227 836 1288 est

190 1331 436 1413 Demosthenes,
460 1335 619 1411 utsupra
643 1329 899 1412 commemoravi,
924 1331 1026 1395 solum
1055 1338 1221 1413 τοιγαροῦν

10 1434 12 1467 ²
101 1437 283 1519 usurpavit,
315 1438 400 1517 quod
431 1441 542 1502 exstat
572 1435 676 1501 tribus
705 1436 799 1501 locIs:
834 1436 890 1518 IV,
924 1441 979 1518 363
1012 1436 1136 1516 XVIII,
1168 1441 1221 1518 40,

10 1510 14 1635 i
104 1550 179 1610 134.
221 1545 328 1610 Aliter
350 1563 404 1609 res
427 1563 463 1610 se
485 1545 586 1610 habet
608 1543 642 1608 in
666 1542 785 1624 spuriis
809 1543 1018 1625 orationibus,
1043 1562 1084 1608 ex
1108 1543 1223 1623 quibus

10 1640 13 1715 ἰ
101 1653 166 1717 hae
200 1652 382 1734 particulae
412 1655 545 1732 praesto
582 1657 658 1716 sunt
687 1650 721 1714 in
756 1654 838 1716 orat.
862 1651 936 1732 VII,
960 1651 1002 1732 X,
1032 1651 1124 1733 XHI,
1149 1651 1220 1716 LX.

101 1760 141 1824 In
174 1766 256 1825 orat.
288 1758 380 1840 XIII,
414 1764 451 1823 ut
483 1758 570 1840 apud
601 1758 863 1839 Demosthenem,
897 1762 1023 1823 tantum
1054 1766 1222 1841 τοιγαροῦν

102 1865 284 1932 invenimus
307 1864 358 1931 bis
382 1864 438 1950 (20
464 1869 498 1929 et
522 1867 589 1949 32),
618 1863 705 1928 idem
729 1863 850 1929 accidit
872 1863 906 1928 in
930 1869 1012 1928 orat.
1037 1864 1108 1946 LX,
1139 1883 1222 1944 quae

102 1974 241 2054 praebet
269 1972 464 2052 particulam
488 1973 587 2037 semel
619 1970 700 2056 (16).
758 1972 797 2036 In
828 1977 910 2036 orat.
941 1971 1004 2035 VII
1033 1975 1221 2052 usurpatum

103 2086 155 2148 est
177 2085 332 2164 τοιγάρτοι
355 2081 455 2146 semel
479 2079 561 2165 (43).
614 2082 651 2145 In
676 2086 759 2147 orat.
783 2082 817 2146 X
840 2085 874 2146 et
896 2087 1065 2164 τοιγαροῦν
1089 2081 1161 2167 (30)
1188 2085 1221 2146 ct

103 2192 258 2272 τοιγάρτοι
289 2187 325 2267 (4
348 2194 383 2254 et
406 2188 464 2274 48)
495 2194 628 2271 praesto
661 2194 727 2254 est:
759 2191 841 2255 haec
872 2208 997 2269 quoque
1021 2208 1074 2254 res
1099 2189 1224 2253 demon-

104 2301 211 2362 strare
241 2296 320 2361 mihi
349 2295 480 2363 videtur
509 2296 543 2360 in
574 2300 657 2361 orat.
681 2297 772 2378 VIII,
802 2302 842 2361 66
872 2295 1069 2378 scripturam
1099 2296 1168 2362 cod.
1197 2296 1230 2359 Y

103 2405 157 2467 καὶ
181 2405 240 2486 γάρ
267 2428 312 2467 τοι
340 2409 464 2469 rectam
488 2422 570 2468 esse.
618 2403 653 2469 Si
678 2403 762 2468 enim
787 2407 910 2486 auctor,
936 2403 989 2484 qui
1014 2409 1165 2483 quartam
1189 2404 1222 2468 in

103 2510 288 2592 Philippum
319 2510 499 2576 orationem
534 2510 723 2592 composuit,
760 2512 846 2592 apud
880 2511 1131 2576 Demosthenem
1160 2535 1220 2574 τοι-

104 2618 211 2698 γάρτοι
239 2615 428 2698 invenisset,
454 2616 523 2681 sine
547 2616 643 2681 dubio
675 2618 759 2681 hanc
783 2616 987 2697 particulam,
1013 2636 1077 2696 qua
1107 2615 1140 2680 in
1164 2615 1222 2681 illa

103 2723 197 2789 brevi
216 2723 362 2788 oratione
382 2728 557 2805 praeterea
580 2723 631 2788 bis
656 2723 768 2805 utitur,
785 2724 838 2788 hic
862 2742 988 2803 quoque
1008 2723 1222 2789 adhibuisset.

192 2830 359 2912 Antiphon
389 2836 423 2894 et
445 2830 559 2895 Isaeus
589 2849 648 2895 nec
680 2837 848 2912 τοιγαροῦν
877 2849 937 2895 nec
960 2832 1113 2912 τοιγάρτοι
1135 2850 1224 2895 usur-

105 2942 275 3018 paverunt.

193 3044 392 3126 Particulae,
431 3064 514 3125 quae
552 3065 624 3111 cnm
657 3069 703 3109 τοι
736 3044 936 3126 compositae
973 3049 1057 3125 sunt,
1091 3049 1224 3126 praeter

106 3152 205 3214 καίτοι
234 3153 341 3233 μέντοι
373 3154 474 3215 τοίνυν
506 3152 671 3217 rarissime
705 3152 792 3233 apud
824 3156 971 3216 oratores
1003 3150 1222 3216 inveniuntur.

106 3258 171 3339 ἤτοι
195 3276 257 3320 non
283 3258 455 3320 adhibetur
479 3257 542 3321 nIsi
565 3258 597 3321 in
623 3259 847 3323 coniunctione
871 3261 995 3340 ἤτοι-
1013 3262 1043 3340 ἥ.
1087 3258 1167 3322 Loci
1190 3257 1224 3321 hi

106 3367 195 3428 sunt:
233 3361 356 3426 Andoc.
394 3363 437 3443 II,
472 3369 506 3444 23
543 3365 641 3427 Isocr.
679 3365 752 3445 XV,
787 3370 843 3446 335
881 3364 1033 3429 Aeschin.
1068 3364 1128 3444 HI,
1164 3368 1221 3446 403

106 3469 260 3534 Dinarch.
284 3469 309 3551 I,
336 3474 391 3551 503
420 3470 588 3534 Demosth.
612 3470 702 3550 XIV,
727 3475 783 3552 403
813 3471 921 3552 XXII,
948 3477 1002 3553 323
1031 3471 1137 3552 XXV,
1167 3476 1223 3553 51;

109 3573 239 3663 [LVIIL
267 3574 310 3663 ll.

166 3707 167 3710 ¹
195 3686 280 3748 οῦτοι
298 3685 400 3749 solum
420 3685 506 3766 apud
524 3684 774 3750 Demosthenem
791 3688 902 3749 exstat
916 3685 975 3766 IH,
993 3691 1034 3750 20
1050 3689 1085 3750 et
1098 3684 1154 3766 IV,
1173 3691 1222 3749 18.

516 3972 710 4058 CAPUT
750 3974 814 4060 IV.

470 4199 521 4265 Do
548 4200 721 4282 particula
749 4203 859 4265 καίτοι.

194 4328 294 4389 καίτοι
331 4324 494 4404 particula
532 4324 619 4406 apud
657 4330 806 4390 oratores
843 4322 972 4390 Atticos
1014 4323 1103 4388 hisce
1144 4322 1224 4387 locis

107 4440 238 4515 praesto
263 4436 326 4496 est:
