2932 5032
1178 465 1228 541 49

108 679 247 748 anctore
275 673 442 763 reiecisse;
473 698 514 744 ne
543 682 701 761 putarent
733 697 768 744 se
800 677 923 761 ipsum,
946 681 983 744 ut
1012 678 1230 744 Leodamanti

108 793 241 872 gratnm
272 787 409 869 faceret,
441 786 632 852 Euandrum
665 804 830 852 accusare.
890 785 1107 852 Leodamanti
1146 785 1231 851 enim

108 893 249 962 utilitati
279 893 348 959 fore
378 892 568 958 Euandrum
601 892 743 975 probari,
772 896 809 957 ut
840 891 911 974 ipse
942 891 1062 957 Iniuria
1095 890 1230 957 affectus

109 1019 183 1066 esse
205 1000 383 1067 videretur.
422 999 494 1064 Hoc
517 997 664 1079 exposito
688 997 811 1080 pergit:
836 1000 973 1080 καίτοιγε
996 998 1092 1062 αὐτὸν
1116 999 1229 1063 ἀκούω

108 1109 209 1190 λέγειν
232 1107 278 1178 ὡς
300 1107 339 1171 οὗ
362 1107 434 1189 περὶ
457 1107 554 1169 αὐτοῦ
577 1105 678 1187 μόνον
702 1107 720 1187 ἡ
754 1105 923 1188 δοκιμασία
948 1106 1036 1178 ἐστίν,
1061 1105 1139 1167 ἀλλὰ
1166 1106 1229 1168 κτλ.

111 1252 153 1261 -
179 1213 460 1295 011000εο1171,
488 1217 538 1278 11.

201 1319 268 1385 Sed
297 1322 502 1386 transeamus
533 1316 575 1381 ad
606 1315 744 1382 alterum
774 1335 877 1400 genus
909 1314 943 1381 iu
974 1335 1036 1396 quo
1069 1316 1231 1399 particula

109 1427 211 1490 καίτοι
260 1424 439 1490 orationem
487 1422 657 1488 continuat
702 1427 737 1487 et
781 1441 904 1487 summa
950 1441 1021 1487 cum
1063 1422 1231 1505 gravitate

111 1533 270 1598 cumulum
294 1530 396 1597 addit.
420 1531 587 1597 Demosth.
611 1530 734 1612 XVIII,
761 1535 840 1596 215:
864 1547 922 1597 vos
946 1529 1112 1596 Thebanis
1139 1549 1231 1612 opem

110 1639 243 1721 tulistIs,
275 1638 330 1719 qui
360 1644 428 1703 tarn
458 1637 667 1703 familiariter
695 1656 755 1703 vos
784 1640 990 1719 receperunt,
1021 1641 1058 1702 ut
1085 1641 1231 1704 vestrum

111 1746 291 1812 exercitum
320 1745 354 1810 in
385 1744 531 1810 domibus
560 1743 767 1826 collocarent,
793 1764 864 1810 cum
895 1762 974 1810 suae
999 1744 1112 1826 copiae
1136 1749 1232 1809 extra

110 1856 222 1920 urbem
242 1856 353 1918 castra
371 1856 543 1934 ponerent:
569 1854 670 1916 unirer
693 1853 750 1934 τρί’
769 1853 802 1914 ἓν
826 1853 928 1934 ἐκείνῃ
947 1858 984 1934 τῇ
1008 1854 1113 1934 ἡμέρᾳ
1137 1858 1232 1915 πᾶσιν
1298 1929 1299 1932 ¹

110 1962 299 2043 ἀνθρώποις
329 1961 451 2033 ἔδειξαν
481 1961 625 2042 ἐγκώμια
653 1958 789 2042 Θηβαῖοι
816 1959 894 2022 καθ’
908 1959 1003 2041 ὑμῶν
1025 1959 1061 2021 τὰ
1085 1960 1231 2022 κάλλιστα

109 2069 173 2132 κτλ.
220 2065 261 2132 01.
294 2066 417 2149 XVIII,
453 2073 525 2132 123.
561 2104 602 2112 —-
635 2067 847 2131 Praeclarum
886 2066 1064 2147 exemplum
1097 2069 1230 2147 praesto

111 2179 162 2240 est
192 2174 278 2256 apud
308 2173 501 2239 Aeschinem
524 2173 568 2256 H,
596 2177 674 2238 148:
706 2176 817 2237 orator
847 2192 882 2238 se
913 2178 947 2239 et
977 2191 996 2237 a
1024 2177 1119 2254 patre
1148 2177 1182 2237 et
1212 2193 1231 2237 a

110 2286 215 2347 matre
238 2283 374 2346 honesto
398 2282 468 2348 loco
492 2286 603 2346 natum
628 2299 700 2346 esse
718 2279 878 2363 gloriatus
903 2284 968 2363 est3
985 2285 1129 2354 ,matrem
1154 2284 1232 2345 ante

111 2390 219 2455 oculos
250 2388 313 2454 sibi
345 2389 470 2454 versari
504 2389 544 2453 de
581 2389 688 2453 salute
720 2387 778 2452 filii
816 2391 1027 2452 metuentem:
1060 2389 1169 2460 καίτοι,
1203 2385 1231 2451 ὦ

110 2497 200 2578 Δημ.,
231 2494 337 2576 inquit
360 2495 548 2582 AeschineS,
579 2498 598 2578 ἡ
629 2496 690 2578 μὲν
718 2495 777 2578 ε’μὴ
808 2497 912 2578 μήτηρ
943 2497 1041 2578 ἔφυγε
1068 2495 1146 2577 μετὰ
1177 2502 1231 2559 τοῦ

108 2606 203 2687 αὐτῆς
222 2604 342 2686 ἀνδρὸς
360 2605 402 2673 εἷς
420 2603 584 2686 Κόρινθον
608 2604 662 2666 καὶ
685 2605 814 2686 μετέσχε
836 2609 901 2666 τῶν
918 2604 1088 2666 πολιτικῶν
1110 2608 1230 2666 κακῶν.

198 2708 419 2774 creberrimus
449 2708 477 2774 is
507 2728 584 2774 usus
615 2714 676 2790 est,
705 2714 742 2772 nt
772 2707 935 2789 particula
964 2710 1064 2772 καίτοι
1093 2707 1232 2790 incipiat

109 2816 311 2882 enuntiatum
339 2815 611 2898 interrogativum
639 2814 705 2879 illis
732 2814 821 2896 locis,
852 2834 923 2880 cnm
951 2833 992 2879 ex
1020 2815 1231 2880 antecedenti

108 2943 255 2989 sermone
280 2928 390 2987 orator
413 2921 577 2987 concludit
601 2926 636 2987 et
659 2914 886 3004 argumentum
907 2921 1028 2986 firmius
1052 2926 1112 3002 est,
1134 2941 1229 3001 quam

108 3034 145 3095 ut
167 3031 231 3095 ullo
255 3029 349 3094 modo
374 3028 536 3095 confutari
559 3029 672 3110 possit.
714 3029 767 3094 lta
790 3028 878 3094 inter
901 3028 1078 3109 scriptores
1102 3028 1230 3095 Atticos
1282 3043 1287 3051 ’

107 3137 283 3219 praecipue
312 3138 477 3204 Isocrates
507 3137 704 3219 particulam
735 3139 835 3200 καίτοι
865 3135 1015 3201 adhibuit
1045 3134 1099 3220 (cf.
1132 3136 1231 3217 Spen-

107 3243 227 3326 gelium
251 3243 284 3308 in
309 3249 478 3309 comment.
498 3245 581 3326 Reg.
600 3242 704 3308 Acad.
728 3245 848 3309 Bavar.
875 3263 905 3308 a.
932 3248 1015 3308 1855
1041 3262 1116 3325 pag.
1139 3243 1229 3328 740).

106 3350 274 3416 Eiusmodi
321 3351 470 3432 exempla
516 3351 602 3432 apud
655 3369 764 3415 omnes
816 3355 962 3416 oratores
1008 3349 1228 3416 inveniuntur.

106 3455 273 3523 Demosth.
298 3456 422 3537 XVIII,
443 3461 521 3522 264:
545 3456 782 3521 Demosthenes
806 3460 910 3520 totam
928 3455 1102 3521 Aeschinis
1125 3455 1227 3521 vitam

107 3563 331 3645 perlustravit,
360 3572 395 3629 ut
422 3563 662 3630 demonstraret
690 3563 780 3628 illum
809 3583 829 3628 0
859 3563 995 3644 parvulo
1019 3563 1051 3627 in
1077 3567 1227 3646 egestate

107 3674 272 3736 versatum
304 3690 385 3736 esse.
440 3672 620 3752 Postquam
653 3671 696 3735 ad
728 3689 796 3735 rem
827 3669 989 3752 publicam
1024 3669 1226 3750 accessisset,

107 3781 185 3857 tum,
210 3797 281 3841 cnm
308 3777 419 3858 patria
448 3777 580 3843 fortuna
604 3778 747 3844 secunda
771 3795 830 3842 usa
855 3782 952 3856 00001,
978 3795 1050 3840 eum
1074 3775 1226 3856 doluisse,

107 3902 178 3947 cum
216 3882 366 3963 adversa,
400 3882 548 3964 gausum
586 3901 658 3947 esse
692 3887 726 3946 et
762 3881 967 3963 impudenter
1004 3899 1039 3945 se
1073 3879 1225 3963 gessisse.

107 3988 350 4055 Conclusionem
375 3987 471 4053 affert
493 3990 555 4054 hoc
581 3988 688 4053 modo:
719 3989 822 4050 καίτοι
850 3988 933 4057 ὅστις
956 3988 1066 4071 χιλίων
1089 3988 1226 4050 πολιτῶν

106 4097 341 4161 ἀποθανόντων
370 4096 541 4178 ἐθάρρησε,
573 4097 601 4158 τί
631 4093 725 4165 οὗτος
755 4096 871 4158 ποθεῖν
902 4095 966 4159 ὑπὸ
998 4101 1062 4158 τῶν
1096 4096 1226 4169 ζώντων

106 4204 226 4274 δίκαιός
249 4205 342 4280 eorum
371 4241 408 4249 -
429 4203 521 4284 XIX,
544 4208 620 4267 146:
644 4201 679 4267 in
701 4221 770 4267 rem
793 4201 956 4283 publicam
981 4222 1021 4267 ex
1044 4221 1125 4283 pace
1144 4201 1227 4283 peri-

106 4309 180 4373 cula
216 4307 454 4392 redundabant,
495 4309 528 4374 iu
564 4308 692 4390 legatos
728 4307 908 4373 commoda:
941 4309 1042 4371 καίτοι
1076 4314 1148 4377 πῶς
1186 4308 1224 4370 οὐ

107 4414 210 4478 δεινὸν
234 4412 262 4477 ὧ
286 4414 358 4477 dud.
374 4414 443 4478 ’Ad
462 4415 516 4477 καὶ
539 4413 684 4497 σχέτλιον,
703 4412 757 4482 τὰς
778 4418 842 4475 τῶν
861 4414 1025 4496 ὑμετέρων
1042 4413 1225 4495 συμμάχων

1061 4535 1079 4585 4
