2932 5032
1212 444 1258 514 31

142 653 328 735 ἐγκαλοῦσιν
359 654 436 737 ε’μοί,
466 656 578 726 πάντες
608 656 643 720 θ’
660 658 748 738 ὑμεῖς
778 706 784 717 .
811 706 817 718 .
844 706 850 717 .
878 706 884 717 .
915 652 1075 735 addititiae)
1136 651 1262 718 Similia

143 762 292 842 exempla
315 767 447 843 praesto
472 768 549 827 sunt
571 763 697 844 XXIII,
720 768 780 826 137
809 759 1094 845 (μήτε-ιε-τε)
1116 764 1150 824 et
1168 759 1260 841 XIX,

144 872 205 931 307
233 869 322 951 (μήτε
332 907 372 914 -
380 871 459 951 μήτε
468 907 508 914 -
517 870 596 953 μήτε
606 908 645 916 -
654 896 687 934 τε
696 907 733 915 --
745 895 822 933 τε-
833 870 917 932 οὕτω
943 868 1002 951 δέ).

231 976 281 1040 Ab
310 976 371 1039 hoc
398 995 458 1040 usn
486 976 586 1041 inulto
618 976 792 1058 discrepat,
823 975 907 1055 quod
936 974 1092 1056 scriptum
1115 973 1261 1040 videmus

142 1080 235 1163 XIX,
267 1087 328 1147 159
358 1081 452 1147 initio
482 1083 645 1148 enuntiati
673 1086 729 1167 τήν
755 1108 788 1147 τε
811 1083 873 1165 γὰρ
897 1084 1024 1164 εἰρήνην
1049 1132 1056 1144 .
1082 1132 1088 1144 .
1115 1132 1121 1145 .
1149 1132 1181 1162 .,
1205 1081 1261 1147 ubi

142 1187 326 1269 particulae
344 1213 376 1251 ιε
394 1189 484 1254 nulla
504 1189 570 1254 alia
588 1190 765 1271 respondet
784 1208 889 1269 neque
907 1214 939 1252 τε
959 1188 1001 1253 ad
1020 1187 1262 1253 enuntiationes

143 1294 383 1377 coniungendas
420 1296 638 1361 necessarium
678 1299 738 1361 est.
797 1294 991 1361 Sohaeferus
1027 1294 1060 1359 in
1098 1300 1261 1376 apparatu

143 1400 255 1466 critico
287 1406 321 1466 et
351 1402 521 1486 exegetico
551 1403 594 1484 II,
627 1423 702 1486 pag.
728 1409 791 1468 579
821 1407 932 1466 monet
960 1427 992 1465 ιε
1020 1403 1080 1485 γάρ
1111 1403 1260 1469 absolute

142 1508 289 1591 intellegi
320 1514 480 1591 oportere,
505 1514 543 1575 ut
565 1510 679 1576 valeat
706 1509 727 1573 i.
748 1529 779 1589 q.
808 1509 861 1572 καὶ
889 1509 949 1591 γάρ
982 1507 1157 1591 „etenirn“;
1186 1528 1261 1575 num

141 1615 201 1679 hoc
224 1620 350 1680 rectum
377 1615 422 1680 sit
445 1616 567 1681 dubito.
619 1615 783 1698 Quomodo
810 1641 843 1679 ιε
865 1615 1078 1696 interpretari
1101 1615 1260 1697 possimus

140 1719 174 1785 in
215 1721 321 1786 medio
362 1721 519 1803 relinquo.
589 1722 824 1787 Conferendum
871 1725 922 1786 est
968 1741 1038 1788 cum
1084 1723 1145 1787 hoc
1189 1723 1259 1788 loco

143 1825 246 1915 [Lys]
271 1829 314 1910 H,
343 1836 393 1894 17.

228 1935 266 1999 ln
294 1934 335 2000 iis
363 1935 573 2019 orationibus,
604 1956 684 2017 qrras
713 1956 733 2002 a
756 1936 975 2005 Demosthene
1002 1935 1168 2018 profectas
1196 1955 1258 2001 non

141 2060 213 2106 esse
241 2039 361 2107 sinon
388 2062 497 2109 omnes
529 2044 735 2109 consentiunt
763 2047 799 2108 at
826 2047 936 2108 tamen
965 2041 1060 2107 multi
1082 2041 1146 2110 viri
1171 2043 1258 2108 docti

139 2153 267 2231 putant,
287 2149 470 2231 particulae
492 2176 524 2214 τι
547 2169 623 2216 usus
648 2169 747 2232 saepe
772 2169 792 2214 a
810 2148 959 2232 genuInis
983 2148 1115 2231 scriptIs
1134 2148 1258 2214 alienus

141 2262 201 2321 est.
247 2258 356 2337 Atque
383 2257 522 2338 primurn
552 2258 682 2338 quidem
704 2283 736 2321 ιε
760 2257 803 2321 ad
826 2255 999 2320 enuntiata
1022 2255 1257 2339 coniungenda,

139 2362 174 2427 id
197 2363 281 2442 quod
301 2364 387 2445 apud
410 2364 661 2430 Demosthenen]
685 2384 749 2429 non
771 2362 901 2445 accidit,
926 2367 1102 2444 usurpatur
1124 2363 1197 2445 XL,
1223 2370 1257 2447 8;

138 2469 257 2552 XLIV,
284 2477 339 2554 313
370 2471 489 2553 XLVI,
516 2477 570 2555 153
601 2471 723 2553 XLIX,
749 2477 804 2553 273
834 2469 868 2535 in
896 2475 979 2534 orat.
1011 2470 1090 2534 LIX
1118 2468 1257 2550 quinque

139 2575 295 2641 eiusmodi
325 2577 474 2658 exempla
504 2583 637 2643 exstant
668 2577 734 2664 (38,
765 2585 816 2660 63,
850 2584 901 2660 67,
928 2583 979 2659 73,
1007 2577 1094 2663 115).
1119 2615 1159 2623 -
1184 2578 1256 2660 XL,

141 2687 209 2748 34.
231 2734 237 2748 .
258 2684 278 2747 λ’
280 2709 334 2748 κεν
358 2684 452 2755 αὐτὸς
472 2686 522 2749 ἐπὶ
541 2687 574 2750 τὸ
595 2688 794 2768 δικαστήριον
815 2685 1145 2767 δοκιμασθησόμενος,
1165 2686 1257 2768 δίκην

137 2815 169 2854 τε
200 2793 332 2874 ἐξούλης
365 2794 538 2875 ὠφληκώς,
571 2795 685 2875 ταύτην
718 2795 778 2856 οὐκ
811 2792 903 2862 αὐτὸς
935 2793 1118 2874 ὠφληκέναι
1150 2795 1256 2874 φησίν,

139 2898 204 2960 ἀλλ’
237 2899 303 2979 ε’μέ.
358 2899 423 2963 Pro
456 2901 547 2982 δίκην
578 2924 610 2961 ιε
641 2900 780 2980 praebet
813 2899 882 2963 cod.
916 2898 949 2959 Σ
977 2899 1066 2981 δίκην
1099 2899 1141 2971 δέ,
1172 2899 1257 2977 quod

138 3008 332 3085 receperunt
362 3005 569 3088 Turicenses3
601 3005 749 3085 equidem
780 3025 850 3070 curn
878 3004 1030 3069 Bekkcro
1064 3009 1098 3069 et
1128 3005 1256 3070 Blassio

136 3135 169 3174 τε
192 3109 353 3191 praefero.
379 3150 418 3158 —
443 3112 599 3195 XXXIV,
624 3118 665 3178 41
692 3114 788 3197 (πρός
811 3138 843 3176 τε
866 3110 1003 3196 τούτοις)
1023 3116 1148 3177 rectum
1171 3130 1256 3176 asse-

139 3221 245 3282 cuturn
275 3237 346 3282 esse
375 3222 453 3299 puto
481 3218 648 3301 Fuhriurn,
677 3219 731 3299 qui
758 3218 902 3285 mutavit
929 3243 960 3281 τε
984 3217 1018 3282 in
1042 3218 1087 3282 δέ.
1113 3256 1152 3264 —
1179 3217 1256 3282 Con-

137 3323 333 3390 iunctionem
364 3326 522 3388 οὔτε-ιε
553 3325 734 3390 invenimus
763 3326 919 3407 XXXIV,
951 3330 1004 3406 40,
1028 3329 1086 3408 463
1115 3324 1255 3406 XXXV,

138 3424 195 3514 253
225 3431 296 3513 XL,
329 3437 379 3512 ro,
409 3436 461 3512 31,
489 3436 547 3513 443
579 3431 617 3512 L,
649 3438 699 3512 ao,
724 3437 776 3513 ιε,
808 3437 863 3514 cs,
895 3431 984 3513 nur,
1011 3437 1066 3514 243
1091 3431 1177 3513 uui,
1203 3438 1254 3512 νο,

139 3542 193 3620 34;
217 3538 306 3620 LXI,
332 3544 384 3603 51.
409 3576 450 3584 —
476 3538 649 3622 Singulare
675 3543 735 3621 est,
761 3539 846 3618 quod
869 3543 981 3603 exstat
1003 3538 1092 3620 LIX,
1119 3545 1157 3603 67
1184 3540 1255 3602 οὔτε

137 3644 197 3727 γάρ
227 3646 396 3728 Στεφάνου
425 3647 586 3729 θυγατέρα
618 3647 717 3728 αὐτὴν
745 3645 831 3719 εἶναι,
860 3646 937 3709 ἀλλὰ
962 3645 1109 3729 Νεαίρας,
1137 3648 1194 3728 τήν
1223 3671 1254 3708 τε

135 3754 253 3833 μητέρα
283 3754 379 3836 αὐτῆς
407 3755 581 3817 συνειδέναι
610 3755 846 3836 πλησιάζουσαν
875 3755 970 3834 αὐτῷ,
999 3754 1201 3835 ἀνηλωκέναι
1223 3777 1255 3815 τε

135 3858 235 3920 πολλὰ
265 3860 307 3928 εἰς
337 3861 442 3933 αὐτάς,
472 3863 597 3943 τρέφειν
628 3886 668 3934 τε,
697 3862 791 3924 ὁπότε
825 3861 1033 3942 ε’τιιόημήσειε,
1063 3860 1120 3940 τὴν
1151 3860 1252 3921 οἰκίον

136 3965 220 4047 ὅλην,
246 3963 300 4029 ubi
324 3984 419 4029 unurn
443 3968 515 4029 οὔτε
539 3966 685 4046 sequitur
707 3965 871 4047 particula
893 3991 925 4028 τε
949 3970 999 4030 ter
1023 3964 1141 4045 posita.

223 4071 262 4136 In
286 4071 467 4155 Hegesippi
491 4073 638 4138 oratione
663 4074 703 4138 de
726 4072 912 4137 Halonneso
936 4072 1009 4154 VII,
1030 4077 1070 4136 39
1095 4070 1253 4136 traditum

137 4182 200 4244 est:
232 4180 304 4260 περὶ
337 4180 371 4243 δέ
403 4180 613 4263 Χερρονήσου
646 4182 667 4242 ά
698 4183 720 4242 τ’
739 4181 902 4243 ἐπιστέλλει
934 4179 1016 4261 πρὸς
1047 4180 1132 4261 ὑμᾶς
1165 4180 1253 4251 άξιάν

136 4287 215 4349 έστιν
235 4287 381 4360 ἐξετάσαι,
400 4289 443 4349 ἔτι
468 4288 575 4350 δὲκαὶ
599 4289 619 4348 ἃ
642 4287 776 4369 πράττει,
796 4287 849 4349 καὶ
867 4289 946 4348 ταῦτ’
968 4287 1091 4349 εἰδέναι.
1130 4285 1252 4367 Quibus

136 4393 168 4457 in
191 4392 300 4458 verbis
324 4392 417 4457 multi
441 4393 504 4458 viri
528 4392 615 4457 docti
645 4394 835 4458 haeserunt:
864 4393 1017 4458 Reiskius
1047 4397 1082 4457 et
1100 4393 1251 4474 Augerus
