2932 5032
1270 426 1291 494 9

176 636 373 720 adpositum
398 641 449 701 est
468 638 513 700 δέ.
556 634 602 701 Cf.
622 639 804 716 praeterea,
814 634 874 716 ΠΙ,
896 638 938 698 34
960 642 999 718 τῇ
1015 634 1102 697 πόλει
1119 658 1151 697 τε
1169 634 1292 697 εὔνουν.

175 782 215 791 -
241 730 267 825 Ι,
293 751 312 809 2
340 744 421 805 κατά
448 767 480 804 τε
509 739 581 811 τοὺς
604 742 733 823 νόμους,
759 745 800 804 32
823 742 961 822 ὑπέρτε
982 745 1047 803 τῶν
1069 741 1173 821 ἱερῶν,
1203 739 1246 822 Π,
1272 745 1291 804 3

176 852 226 914 διά
258 876 289 914 τε
319 851 376 933 τὴν
409 850 562 930 ἀπειρίαν.
593 885 633 894 -
666 846 701 912 si
733 846 890 913 articulus
922 845 1196 929 praepositionem
1228 866 1293 911 non

174 957 331 1038 sequitur,
357 955 525 1021 collocatio
549 954 730 1036 particulae
753 953 848 1020 varia
872 957 937 1019 est:
966 953 993 1034 I,
1020 959 1080 1019 117
1106 956 1148 1024 εἴς
1169 978 1202 1016 τε
1225 954 1291 1035 ε’μέ,

173 1065 216 1146 ΙΙ,
243 1071 262 1128 8
286 1066 319 1127 ἓν
342 1066 402 1145 οἵῳ
425 1063 564 1145 κινδύνῳ
587 1087 619 1126 τε
641 1062 694 1125 καὶ
716 1063 885 1145 ἀμηχανίᾳ,
911 1060 969 1143 ΙΠ,
997 1067 1036 1126 12
1061 1062 1109 1143 ἐφ’
1122 1061 1169 1131 οἷς
1190 1085 1228 1124 τε.

262 1170 341 1235 (ium
370 1169 456 1251 apud
483 1168 613 1234 nomina
639 1167 810 1250 particulis
832 1193 951 1232 ιε-ιε
974 1172 1032 1234 aut
1053 1168 1199 1231 τε-καί
1221 1185 1291 1231 oon-

173 1277 284 1343 iuncta
326 1276 483 1341 articulus
526 1280 584 1340 aut
623 1273 823 1356 praepositio
865 1273 975 1356 posita
1015 1280 1076 1356 est,
1125 1292 1207 1354 quae
1249 1274 1291 1338 ad

173 1388 344 1463 utrumque
376 1381 530 1463 pertinet,
563 1400 663 1463 saepe
695 1380 730 1445 in
763 1381 867 1446 altero
900 1382 1041 1446 membro
1080 1380 1158 1445 illae
1193 1398 1291 1446 voces

172 1512 235 1557 non
265 1496 467 1574 repetuntur.
519 1489 613 1573 Quod
644 1489 766 1555 attinet
796 1489 838 1554 ad
868 1489 1039 1556 articulum
1070 1490 1157 1572 apud
1185 1490 1292 1555 Ando-

175 1597 277 1663 cidem
289 1597 439 1678 exempla
453 1595 580 1660 rariora
594 1600 670 1661 sunt
686 1614 780 1676 quam
799 1599 836 1660 ut
850 1595 919 1661 eius
935 1614 1009 1661 usus
1031 1594 1159 1660 definiri
1172 1594 1290 1676 possit:

172 1704 198 1786 Ι,
224 1711 265 1771 82
289 1711 355 1768 τῶν
378 1705 491 1786 νόμων
519 1708 584 1767 τῶν
610 1728 641 1767 τε
663 1703 819 1773 Σόλωνος
846 1704 986 1767 καὶτῶν
1009 1703 1191 1786 Δράκοντος
1214 1704 1289 1766 πολ-

171 1813 256 1886 λούς,
288 1812 331 1893 ΙΙ,
368 1817 407 1877 10
446 1814 556 1875 autem
592 1814 704 1877 exstat
736 1818 792 1893 τῆς
827 1835 859 1874 τε
894 1811 970 1892 μεθ’
1007 1812 1101 1893 ὑμῶν
1137 1810 1293 1881 πολιτείας

172 1921 294 2002 ἐκείνης
316 1919 369 1982 καὶ
389 1919 514 2001 διαίτης,
538 1917 582 1999 Π,
604 1923 643 1984 19
662 1918 701 1981 τὰ
722 1917 757 1981 δὲ
773 1917 927 2000 μέλλοντά
952 1943 984 1981 τε
1002 1917 1055 1981 καὶ
1073 1919 1135 2000 ἤδη
1155 1918 1289 2000 πραττό-

170 2051 267 2109 μενα·
298 2027 359 2091 hoc
388 2025 459 2091 loco
488 2024 644 2090 articulus
675 2024 811 2090 omissus
841 2024 938 2090 facile
969 2024 1153 2107 explicatur
1180 2044 1220 2091 ea
1243 2043 1289 2107 re,

171 2132 254 2213 quod
276 2158 308 2196 τε
330 2131 471 2214 positum
495 2135 546 2197 est
569 2136 644 2213 post
665 2133 827 2214 panorm.

258 2239 348 2322 Loci,
374 2239 489 2320 quibus
512 2237 713 2321 praepositio
738 2239 781 2304 ad
804 2240 898 2304 ambo
922 2240 1065 2304 membra
1088 2238 1242 2321 pertinet,
1263 2240 1291 2305 si

171 2346 348 2429 excipimus
385 2346 428 2428 H,
467 2353 497 2429 8,
535 2350 668 2428 praesto
705 2351 782 2412 sunt
820 2349 989 2426 quattuor:
1027 2346 1078 2411 bis
1114 2346 1148 2412 in
1185 2347 1290 2412 altero

168 2454 310 2518 membro
344 2473 383 2518 ea
415 2451 586 2536 repetitur,
619 2452 670 2518 bis
702 2452 877 2519 omittitur:
912 2454 939 2535 Ι,
973 2459 1014 2520 32
1047 2456 1129 2538 ὑπέρ
1161 2479 1192 2519 τε
1226 2461 1290 2519 τῶν

171 2564 268 2643 ἱερῶν
295 2563 316 2624 ἃ
344 2562 446 2636 εἴδετε,
469 2561 524 2624 καί
549 2560 632 2643 ὑπὲρ
655 2567 719 2625 τῶν
742 2561 900 2644 Ἑλλήνων
925 2612 931 2624 ,
956 2612 962 2624 .
988 2612 994 2624 .
1020 2612 1025 2625 .
1053 2562 1113 2644 ΠΙ,
1140 2569 1158 2628 2
1183 2563 1235 2627 διά
1258 2588 1290 2626 τε

170 2669 226 2752 τὴν
259 2669 402 2751 ἀπειρίαν
433 2675 490 2732 τοῦ
523 2671 618 2751 ἔργου
651 2668 702 2732 διά
734 2694 765 2732 τε
795 2669 853 2752 τὴν
888 2671 1019 2733 ε’κείνων
1056 2671 1208 2734 ἀπιστίαν.
1246 2709 1287 2716 -

170 2774 196 2857 Ι,
222 2782 240 2840 2
269 2778 349 2839 κατά
379 2801 410 2840 τε
438 2775 513 2846 τοὺς
542 2776 664 2858 νόμους
689 2774 763 2846 τοὺς
786 2777 957 2857 ὑμετέρους
983 2776 1134 2848 καὶτοὺς
1157 2779 1288 2860 ὅρκους,

171 2882 195 2964 Ι,
223 2888 283 2947 117
308 2884 351 2954 είς
373 2908 404 2946 τε
428 2883 485 2965 ἐμὲ
508 2884 561 2946 καί
584 2881 742 2965 Λέαγρον.

259 2989 428 3057 Nonnullis
465 2989 545 3055 locis
584 2995 695 3055 orator
733 3009 804 3055 eam
838 2992 1010 3056 verborum
1047 2991 1289 3057 collocationem

171 3103 317 3181 usurpat,
348 3102 385 3163 ut
410 3098 522 3180 verba,
552 3116 635 3178 quae
664 3097 707 3162 ad
736 3098 828 3162 ambo
859 3097 1029 3180 particulis
1051 3100 1196 3164 τε-καὶ
1220 3119 1291 3165 con-

170 3203 280 3269 iuncta
303 3206 447 3270 membra
469 3204 667 3288 pertineant,
691 3203 778 3270 inter
801 3206 981 3287 particulas
1005 3205 1207 3289 interponat:
1232 3207 1290 3272 sed

170 3330 298 3393 semper
327 3311 397 3376 iere
427 3331 522 3377 unum
553 3316 680 3377 tantum
704 3313 897 3378 vocabulum
924 3312 974 3378 ita
1004 3314 1197 3380 collocatum
1228 3320 1289 3398 est,

170 3424 207 3483 ut
229 3419 255 3500 I,
281 3424 322 3483 56
347 3419 509 3502 σῴζεσθαί
529 3444 561 3482 τε
583 3420 663 3493 ἀξιῶ
687 3418 742 3482 καί
766 3419 878 3493 δοκεῖν,
901 3420 944 3502 Π,
967 3427 985 3485 3
1009 3423 1115 3504 σφίσιν
1132 3447 1165 3486 τε
1183 3424 1289 3494 αὐτοῖς

170 3527 341 3608 συμφέρειν
377 3526 432 3589 καί
467 3535 514 3610 τῷ
547 3528 693 3609 ὑμετέρῳ
730 3534 839 3609 κοινῷ,
879 3526 919 3593 cf.
958 3533 1135 3610 praeterea
1172 3529 1198 3612 Ι,
1231 3535 1290 3615 403

168 3632 211 3714 Π,
245 3638 295 3714 13,
329 3638 386 3716 15,
417 3633 477 3716 ΙΠ,
509 3640 539 3699 9.
573 3669 615 3680 -
648 3633 822 3716 Complura
853 3637 955 3701 verba
987 3634 1182 3717 interposita
1214 3643 1290 3704 sunt

168 3740 211 3822 ΙΙ,
244 3747 284 3806 10
313 3749 368 3825 τῆς
397 3767 429 3805 τε
457 3744 535 3824 μεθ’
568 3744 662 3825 ὑμῶν
690 3743 844 3813 πολιτείας
874 3745 994 3827 ἐκείνης
1023 3745 1079 3807 καὶ
1109 3745 1226 3828 διαίτης
1256 3751 1290 3812 et

168 3847 211 3929 H,
239 3852 279 3911 14
302 3849 387 3911 σῖτόν
413 3874 445 3912 τε
475 3851 517 3919 εἰς
543 3848 617 3920 τοὺς
640 3850 813 3931 πολεμίους
841 3851 1044 3932 εἰσαγαγόντα
1071 3850 1126 3914 καὶ
1147 3855 1286 3924 κωπέας.

257 3951 427 4018 Particula
456 3956 512 4016 καί
533 3953 583 4019 bis
606 3954 660 4019 vel
683 3958 735 4018 tar
758 3953 866 4035 posita
890 3948 1020 4037 saepius
1043 3981 1075 4020 τε
1097 3958 1287 4042 respondet;

169 4057 210 4124 ci.
233 4059 260 4141 I,
287 4065 337 4143 12,
363 4066 415 4143 27,
442 4065 482 4126 59
507 4063 569 4124 etc.

257 4166 284 4249 I,
310 4172 352 4232 34
381 4167 540 4233 traditum
571 4171 635 4233 esi:
665 4169 778 4251 μηνίει
807 4170 880 4250 περί
903 4194 936 4234 τε
964 4177 1029 4235 τῶν
1055 4174 1239 4255 μυστηρίων
1267 4176 1287 4236 ἃ

167 4273 235 4356 ᾔδει
271 4273 306 4336 ἒκ
342 4280 406 4338 τῶν
440 4276 688 4358 περικοψάντων
722 4276 759 4338 τὰ
794 4277 996 4359 ἀναθήματα,
1026 4279 1079 4342 καὶ
1108 4280 1289 4363 ἀπογράφει
1327 4267 1331 4274 ’

170 4381 259 4453 δυοῖν
286 4380 414 4456 δέοντος
441 4385 558 4453 εἴκοσιν
586 4383 716 4473 ἄνδρας,
744 4382 778 4457 in
805 4383 856 4457 liis
879 4384 990 4458 uerbis
1013 4384 1077 4454 viri
1100 4386 1188 4456 docti
1211 4388 1288 4458 mul·
