2932 5032
259 645 297 708 In
321 643 441 708 ceteris
465 663 504 707 ee
527 645 639 725 verba,
661 661 742 722 quae
766 642 808 707 ed
834 643 926 708 ambo
951 644 1094 708 membra
1112 643 1297 725 pertinent.

171 756 230 815 aut
254 755 331 816 ante
350 751 440 832 prius
465 755 522 815 aut
545 755 619 832 post
644 751 781 815 alterum
800 752 977 815 membrum
1001 749 1155 815 collocari
1177 752 1295 817 solent.

171 858 336 923 Interdum
368 862 486 936 autem,
517 857 545 922 si
574 876 671 922 unum
702 862 759 922 aut
789 844 850 921 dno
880 861 965 938 sunt,
996 856 1083 921 inter
1110 857 1296 937 particulas

170 970 342 1046 ponuntur,
374 971 410 1029 ut
432 964 489 1044 VI,
515 969 556 1027 49
580 945 759 1046 τεκμηρίοις
790 964 895 1033 ἄλλοις
922 987 954 1026 τε
977 964 1105 1033 πολλοῖς
1128 967 1295 1047 χρώμενοι

160 1072 223 1135 ,καλ
251 1073 392 1154 μάλιστα,
423 1070 512 1151 XIV,
545 1076 585 1135 10
613 1072 668 1140 τάς
698 1094 730 1133 τε
758 1069 875 1152 μικρὰς
901 1075 966 1133 τῶν
995 1070 1122 1133 πόλεων
1152 1071 1211 1134 καὶ
1239 1072 1294 1143 τὰς

168 1180 316 1260 μιάνας,
343 1176 381 1242 ef.
401 1176 478 1258 ΧΗ,
507 1182 578 1258 me,
604 1183 678 1258 211,
705 1182 778 1258 230,
805 1181 882 1258 νεα
905 1176 978 1257 XV,
1007 1166 1068 1241 180
1092 1181 1127 1241 et
1149 1178 1291 1260 saepius.

172 1283 279 1349 Semel
303 1285 469 1365 compium
487 1284 647 1349 vocabule
670 1283 719 1347 ita
742 1284 1006 1363 interponuntur:
1030 1283 1106 1365 XII,
1130 1290 1194 1349 158
1218 1287 1292 1367 πρὶν

169 1392 280 1473 κύριον
299 1393 452 1473 ἐποίησαν
475 1390 528 1454 τὸν
547 1389 655 1453 κοινὸν
679 1390 798 1472 ἒχδρδν
815 1391 872 1471 τήν
894 1415 926 1453 τε
947 1391 1038 1453 πόλιν
1061 1391 1116 1473 τὴν
1136 1393 1292 1475 ἡμετέραν

169 1500 211 1569 εἷς
228 1498 302 1568 τοὺς
326 1500 476 1580 ἐσχάτους
494 1503 685 1579 καταστῆσαι
709 1498 877 1567 κινδύνους
902 1498 951 1561 διὰ
970 1504 1025 1580 τῆς
1050 1499 1221 1580 δυνάμεως
1239 1507 1293 1581 τῆς

168 1606 261 1678 Λακ,
292 1607 344 1668 καὶ
373 1606 467 1668 πάλιν
495 1605 551 1686 τὴν
580 1605 711 1668 ἐκείνων
741 1604 791 1667 διὰ
819 1612 875 1686 τῆς
898 1605 1020 1675 πόλεως
1045 1612 1099 1687 τῆς
1128 1607 1291 1687 ἡμετέρας.

257 1711 361 1776 Multo
397 1713 438 1776 ab
473 1729 534 1776 usu
566 1710 764 1776 Graecorum
798 1710 973 1792 discrepet,
1005 1711 1033 1776 si
1065 1711 1231 1792 particula
1263 1738 1293 1776 τε

169 1817 285 1883 addita
317 1824 368 1883 est
398 1819 445 1883 eis
475 1817 593 1900 verbis,
626 1836 709 1897 quae
742 1817 785 1881 ad
816 1819 907 1882 ambo
941 1820 1084 1883 membra
1113 1818 1292 1898 pertinent.

169 1925 240 1989 Hoc
258 1945 333 1989 raro
357 1923 539 1990 invenimus
564 1924 651 2006 apud
670 1926 848 1989 Isocratem
873 1929 907 1989 et
926 1926 1075 2006 exempla
1094 1925 1202 1989 emnia
1222 1926 1292 1991 fere

169 2032 280 2096 eodem
309 2032 402 2096 modo
434 2031 635 2096 conformate
666 2034 750 2095 sunt.
778 2030 835 2112 IV,
868 2037 929 2095 188
959 2032 1145 2095 διαλλάττειν
1174 2035 1232 2115 τήν
1263 2058 1295 2097 ιε

168 2139 260 2202 πόλιν
293 2139 348 2220 τὴν
379 2140 532 2220 ἡμετέραν
564 2139 616 2200 καὶ
647 2138 702 2220 τὴν
734 2137 1002 2220 Λακεδαιμονίων
1027 2189 1032 2200 .
1060 2189 1065 2200 .
1092 2189 1097 2201 .
1123 2186 1148 2211 .,
1173 2139 1213 2219 V,
1251 2145 1293 2205 30

171 2246 333 2317 διαλλάξαι
360 2247 417 2327 τήν
448 2270 479 2308 τε
505 2246 597 2308 πόλιν
624 2245 680 2326 τὴν
698 2244 850 2326 Ἀργείαιν
873 2246 927 2307 καὶ
944 2246 1000 2327 τὴν
1023 2245 1294 2327 Λακεδαιμονίων

170 2352 223 2414 καὶ
251 2351 308 2433 τὴν
343 2350 498 2433 Θηβαίων
528 2352 582 2413 καὶ
616 2352 672 2433 τὴν
707 2352 870 2432 ἡμετέραν,
902 2349 943 2415 cf.
967 2351 1005 2433 V,
1039 2357 1079 2416 99
1109 2351 1181 2434 (Ε);
1213 2353 1294 2435 XII,

172 2464 246 2539 158,
273 2463 350 2539 1613
374 2457 416 2538 X,
443 2463 483 2522 29
507 2458 692 2539 παραλιπεῖν
715 2458 769 2538 τήν
792 2482 823 2520 τε
842 2458 1010 2539 Σκίρωνος
1033 2459 1086 2520 καὶ
1106 2457 1296 2539 Κερκύονος

170 2565 224 2627 καὶ
262 2569 326 2627 τῶν
361 2565 468 2627 ἄλλων
499 2570 563 2626 τῶν
594 2565 746 2626 τοιούτων
783 2567 992 2646 παρανομίαν.
1052 2565 1297 2645 Exspectalllus

173 2669 282 2752 potius
305 2671 389 2735 Italic
409 2670 652 2736 collocationem
676 2671 731 2753 τὴν
753 2671 844 2733 πόλιν
865 2673 922 2753 τήν
943 2695 975 2734 τε
998 2674 1052 2753 ἡμ.
1079 2668 1133 2753 (cf.
1154 2671 1228 2753 XV,
1249 2679 1295 2739 42

172 2778 244 2859 περὶ
273 2784 327 2840 τοῦ
356 2778 430 2860 βίου
460 2785 515 2840 τοῦ
540 2778 564 2840 τ’
583 2780 664 2860 ἐμοῦ
688 2778 828 2841 καὶτῶν
851 2779 922 2858 περὶ
945 2779 999 2848 τὰς
1022 2779 1120 2851 δίκας,
1146 2778 1201 2859 IV,
1230 2785 1295 2846 120

172 2886 226 2955 τὰς
254 2886 418 2968 συνθήκας
445 2887 500 2955 τάς
522 2895 548 2946 τ’
564 2887 612 2966 ἐφ’
629 2887 724 2967 ἡμῶν
752 2887 920 2966 γενομένας
946 2886 1000 2947 καὶ
1022 2886 1078 2955 τὰς
1101 2892 1157 2949 νῦν
1179 2887 1295 2969 ἀναγε-

173 2993 366 3074 γραμμένας,
395 2992 435 3072 V,
460 2997 501 3055 ot
531 2992 603 3072 περὶ
625 2998 678 3074 τῆς
706 2998 912 3073 παρασκευῆς
936 2992 1115 3056 διαλεκτέον
1138 2992 1214 3056 εἶναι
1237 3002 1297 3077 τῆς

172 3124 203 3161 τε
227 3099 276 3161 σοὶ
300 3100 511 3180 γενησομένης
534 3099 589 3160 καὶ
612 3104 665 3180 τῆς
689 3099 818 3166 έκείνοις
843 3098 1052 3182 ὑπαρξάσης).
1077 3136 1118 3145 -
1142 3099 1295 3166 Alterum

173 3224 276 3287 genus
299 3205 549 3269 translationum
579 3202 761 3285 particulae
789 3227 820 3265 τε
847 3202 880 3267 in
904 3204 964 3268 lme
989 3206 1134 3287 exemplo
1158 3214 1295 3285 praesto

173 3318 236 3377 est:
256 3312 332 3392 XII,
358 3318 418 3376 155
440 3311 509 3375 cod.
528 3311 562 3372 Γ
571 3312 708 3393 praebet
725 3311 798 3380 τοὺς
816 3310 852 3372 τὰ
874 3312 1006 3393 ἡμέτερα
1026 3315 1093 3394 ἅμα
1113 3338 1142 3376 τε
1160 3314 1293 3395 θαυμά-

172 3421 284 3491 ζυντας
314 3419 367 3481 καὶ
397 3420 628 3500 βασκαίνοντας
661 3419 715 3481 καὶ
747 3419 913 3500 μιμεῖσιλαι
943 3420 1154 3502 γλιχομένους,
1187 3422 1295 3486 ‹etei-i

172 3522 429 3589 libri‘nmittunt
457 3526 491 3587 ui
523 3528 673 3606 ominem
705 3530 741 3588 ut
768 3523 911 3590 Fuluius
940 3526 1029 3606 dicit,
1054 3528 1120 3607 ἅμα
1150 3550 1181 3587 τε
1204 3528 1294 3605 enini

175 3631 350 3695 Isocratem
379 3651 441 3695 11ο11
472 3631 649 3712 intentui-3
679 3631 873 3696 Benselems
905 3632 1036 3714 scripsit
1058 3632 1130 3701 τοὺς
1153 3632 1237 3712 τάμά
1263 3660 1295 3698 ιε

171 3741 282 3822 ocrem,
306 3740 390 3819 quod
414 3738 628 3804 rectissinmm
653 3737 731 3803 mihi
755 3737 895 3803 videtur.

262 3845 351 3927 VIII,
378 3852 419 3909 58
448 3846 602 3911 traditum
632 3851 684 3911 est
712 3848 824 3910 έκεῖνοι
850 3850 909 3929 μὲν
940 3849 1208 3930 ἐλευθερώσαντες
1236 3852 1295 3932 τήν

172 3980 204 4018 τε
243 3955 489 4036 Πελοπόννησον
526 3956 577 4018 καί
615 3956 689 4026 τοὺς
725 3955 838 4025 ἄλλους
876 3957 1072 4037 αὐτονόμους
1109 3956 1296 4036 ποιήσαντες

175 4062 305 4144 ἡσυχίαν
338 4059 434 4141 εἶχυνῑ
469 4060 611 4125 editores
640 4087 671 4123 τε
702 4061 864 4143 orltittllllt,
898 4061 967 4124 11111.
998 4060 1072 4122 ΓΕ
1097 4060 1294 4141 particulam

174 4168 333 4247 praeimnt
357 4171 442 4229 teste
467 4166 604 4246 Blassin,
630 4167 682 4245 nni
709 4168 843 4233 annotat
873 4187 964 4247 ,num
992 4166 1093 4248 igitur
1117 4170 1172 4249 τήν
1195 4193 1226 4229 τι
1251 4168 1293 4233 ΙΙ.

174 4274 329 4355 ἕλιιυὶᾞ
360 4273 442 4336 ham
471 4273 756 4353 t1·nns1msit.inm·m
786 4274 928 4340 Fnhrius
956 4293 1081 4353 «meque
1113 4276 1231 4355 metat
1255 4276 1292 4345 (l.

175 4400 204 4445 11.
230 4399 304 4460 μου.
335 4384 423 4461 1111ῖ).
455 4381 511 4443 seo
544 4380 665 4444 trmlitn
698 4382 795 4446 lmtin
827 4378 1006 4446 rectissitne
1037 4404 1072 4445 se
1104 4383 1204 4446 lmlmt
1235 4386 1291 4455 (εί,
