2932 5032
1176 429 1224 496 27

197 634 294 716 Apud
316 633 536 717 Hyperidem¹
560 637 640 700 ὥστε
662 636 854 702 vocabulum
877 638 1009 716 praesto
1036 631 1087 700 est
1111 637 1228 715 quater

111 741 228 824 decies,
254 742 322 805 οἷόν
345 767 377 806 ιε
400 742 477 806 εἶναι
500 742 551 808 bis
575 742 647 828 (pro
667 743 745 826 Lys
768 747 849 825 15,2
874 746 908 807 et
930 761 989 823 pro
1013 743 1098 807 Eux.
1119 748 1170 823 36,
1183 740 1227 826 3).

108 873 150 929 τε,
171 847 223 912 oui
242 848 350 914 altera
368 849 531 930 particula
549 869 613 914 non
631 849 816 931 respondet,
838 853 948 914 exstat
966 849 1068 914 solum
1086 848 1120 912 iu
1137 847 1227 929 Epit.

110 954 184 1036 epil.
205 956 272 1018 ἀλλ’
294 956 441 1029 εὐδοξίαν
465 958 619 1040 ἀγήρατον
643 958 804 1039 εἰλήφασιν
827 956 1010 1038 εὐδαίμονές
1031 981 1064 1019 τε
1086 956 1230 1037 γεγόνασι
1351 937 1354 943 ’

110 1061 192 1124 κατὰ
223 1062 332 1126 πάντα.
366 1100 407 1108 -
442 1062 630 1128 Coniunctio
664 1065 823 1127 odre—-rc
855 1062 1021 1129 invenitur
1053 1082 1110 1144 pro
1143 1062 1228 1126 Eun.

112 1174 164 1249 26,
198 1173 240 1234 24
271 1170 310 1232 οὐ
341 1168 536 1252 Λυκοῦργον
569 1171 687 1240 ἐκάλεις
722 1172 1051 1253 συγκατηγορήσοντα,
1084 1171 1156 1232 οὔτε
1185 1177 1231 1250 τῷ

110 1276 206 1358 λέγειν
240 1275 369 1346 οὐδενὸς
403 1282 467 1340 τῶν
504 1279 537 1339 ἔν
565 1284 602 1360 τῇ
632 1277 720 1340 πόλει
751 1277 992 1359 καταδεέστερον
1024 1277 1108 1349 ὄντα,
1140 1275 1228 1357 παρὰ

110 1383 231 1452 τούτοις
253 1407 285 1445 τε
306 1384 435 1464 μέτριον
457 1384 512 1446 καὶ
535 1385 653 1466 ἐπιεικῆ
678 1383 834 1446 δοκοῦντα
859 1382 950 1459 alnou·

200 1487 245 1553 Ut
268 1489 438 1572 Lycurgus
468 1489 517 1555 ita
547 1490 733 1574 Hyperides
764 1488 989 1554 coniunctione
1016 1514 1136 1552 τε-τε
1158 1508 1231 1570 par-

112 1595 283 1662 ticularum
325 1615 389 1661 non
425 1596 536 1679 utitur,
575 1596 634 1662 sed
671 1615 782 1662 earum
818 1596 888 1660 loco
926 1614 1054 1676 semper
1086 1598 1234 1659 ιε-καί

113 1703 258 1768 adhibet.
303 1702 384 1769 Loci
413 1702 448 1767 hi
478 1708 566 1768 snut:
596 1702 630 1768 in
660 1703 826 1768 Demosth.
854 1706 977 1784 16,11;
1013 1707 1139 1784 16,15;
1172 1722 1230 1783 pro

112 1810 192 1892 Lyc.
218 1815 320 1892 3,12;
361 1815 464 1892 5,10;
497 1816 527 1892 8,
545 1815 600 1893 12;
629 1815 680 1891 13,
697 1816 752 1891 223
790 1829 849 1890 pro
879 1808 963 1873 Eun.
990 1814 1089 1892 36,2;
1127 1813 1231 1890 45,9;

113 1922 166 1997 49,
183 1921 217 1999 3,
241 1917 332 1998 Epit.
357 1922 456 1999 2,15.
502 1918 595 1982 Haec
623 1916 772 1997 exempla
802 1914 967 1980 codicibus
990 1914 1116 1980 tradita
1146 1919 1232 1979 sunt.

112 2024 295 2089 Praeterea
318 2023 382 2089 viri
406 2023 494 2089 docti
516 2026 662 2087 ιε-καί
683 2023 900 2088 restituerunt
922 2021 1012 2103 Epit.
1039 2028 1095 2104 l,3
1117 2021 1234 2108 (Cobet

114 2129 244 2211 Sauppe
262 2128 399 2214 Blass.);
419 2149 477 2212 pro
496 2131 579 2196 Eun.
600 2136 703 2212 42,25
725 2129 869 2216 (Cobet);
888 2129 922 2194 in
940 2129 1108 2194 Demosth.
1129 2135 1169 2195 27
1174 2181 1180 2210 ,
1192 2133 1232 2192 18

115 2235 289 2323 (Boeokh);
315 2244 367 2319 27,
382 2244 423 2304 22
448 2237 678 2324 (Babiugtou);
705 2243 790 2320 37,9
816 2236 987 2323 (Sauppe).
1010 2274 1050 2281 —
1075 2235 1231 2301 Formula

114 2345 219 2415 ἄλλως
240 2370 273 2408 τε
296 2345 336 2428 δὴ
360 2347 417 2408 καί
438 2349 549 2410 exstat
571 2364 630 2426 pro
654 2345 732 2427 Lyc.
761 2350 810 2426 12,
838 2348 887 2408 13.

204 2450 298 2532 Quod
321 2451 442 2516 attinet
465 2452 508 2516 ad
531 2450 784 2533 collocationem,
809 2448 994 2532 Hyperides
1011 2468 1140 2530 semper
1161 2468 1233 2530 par-

113 2557 248 2623 tioulam
277 2557 364 2623 iuter
394 2557 567 2623 articulum
597 2562 631 2623 et
662 2578 778 2623 nomen
808 2557 913 2638 ponit:
946 2575 1004 2638 pro
1036 2556 1116 2638 Lyc.
1151 2561 1232 2637 3,12

114 2667 169 2748 τήν
192 2690 224 2728 τε
247 2667 447 2748 εἰσαγγελίαν,
474 2671 555 2746 8,12
575 2667 649 2736 τούς
671 2690 702 2728 τε
723 2666 902 2747 μέλλοντας.
941 2662 1232 2745 Praepositionem,

115 2791 198 2852 quae
218 2773 261 2837 ad
280 2774 372 2838 ambo
391 2771 562 2854 particulis
576 2775 722 2836 τε-καί
734 2771 907 2836 coniuncta
922 2773 1067 2835 membra
1081 2769 1233 2851 refertur,

116 2883 226 2944 orator
245 2880 295 2944 bis
313 2879 420 2961 ponit3
443 2904 475 2942 τε
498 2880 602 2944 locum
621 2897 712 2943 suum
731 2880 832 2943 habet
856 2877 943 2942 iuter
961 2877 1235 2958 praepositionem

117 2991 151 3050 et
174 2986 360 3052 articulum:
384 2985 418 3051 in
440 2986 608 3051 Demosth.
640 2991 740 3066 16,11
765 2987 890 3066 περίτι
913 2990 978 3047 τῶν
1000 2985 1157 3067 φυγάδων
1181 2984 1235 3045 καὶ

116 3094 186 3176 περὶ
208 3101 263 3157 τοῦ
282 3093 356 3164 τοὺς
377 3094 504 3164 κοινοὺς
523 3094 702 3175 συλλόγους,
725 3112 783 3174 pro
802 3092 882 3175 Lyn.
910 3097 1012 3174 laha
1031 3092 1094 3154 ὑπό
1117 3115 1149 3153 τε
1171 3096 1236 3153 τῶν

117 3203 240 3265 ἱππέων
262 3252 268 3264 .
291 3252 297 3263 .
319 3250 326 3263 .
348 3252 354 3263 .
374 3202 427 3263 καὶ
450 3201 514 3264 ὑπὸ
537 3207 602 3264 τῶν
625 3201 858 3282 συναρχόντων.
879 3218 998 3280 —pro
1022 3198 1106 3262 Eux.
1132 3202 1236 3279 26,24

118 3306 274 3389 scriptum
298 3306 445 3373 Videmus
467 3307 556 3389 παρὰ
579 3308 698 3376 τούτοις
719 3331 757 3369 τε.

208 3520 386 3586 Aeschines
419 3539 544 3601 quoque
573 3545 605 3583 τε
636 3539 711 3584 raro
745 3518 902 3584 adhibuit.
933 3520 1013 3581 ὥστε
1046 3518 1133 3600 apud
1165 3537 1237 3583 eum

120 3631 230 3693 exstat
258 3628 331 3709 plus
356 3647 451 3707 quam
479 3626 702 3710 quinquagies,
727 3627 794 3690 οἷόν
824 3651 856 3689 τε
879 3625 955 3689 εἶναι
978 3630 1095 3705 quater
1119 3626 1158 3710 (Ι,
1184 3631 1236 3708 30,

120 3741 176 3815 963
199 3735 242 3815 ΙΙ,
268 3741 298 3815 6,
322 3734 409 3820 155),
434 3737 480 3817 ἐφ’
497 3734 557 3817 ᾧτε
579 3734 630 3800 bis
655 3733 727 3818 (ΙΠ,
755 3738 827 3815 114,
852 3732 945 3817 183),
969 3733 1161 3798 vocabulum
1185 3735 1238 3796 ἅτε

120 3860 185 3906 non
208 3845 353 3921 usurpat.

209 3971 248 4028 τε,
280 3946 332 4011 oni
362 3947 469 4012 altera
499 3947 661 4029 particula
691 3966 755 4011 non
785 3946 971 4027 respondet,
1006 3945 1047 4009 ad
1078 3945 1239 4010 enuntiati

121 4056 266 4119 membra
298 4053 521 4136 coniungenda
552 4058 728 4135 usurpatur
760 4053 820 4134 III,
855 4060 906 4117 67.
969 4052 1093 4133 Quater
1123 4078 1155 4116 τε
1191 4052 1240 4117 ita

123 4159 306 4243 adhibetur,
336 4166 372 4227 ut
399 4161 562 4227 referatur
586 4162 628 4226 ad
656 4163 727 4225 οὔτε
750 4160 803 4226 vel
830 4163 922 4243 padre:
946 4161 972 4242 I,
1000 4166 1076 4242 186,
1101 4160 1161 4241 ΠΙ,
1187 4166 1238 4242 56,

213 4389 220 4422 ¹
241 4391 273 4444 In
287 4392 408 4448 versibus
427 4392 570 4448 afferendis
583 4407 680 4461 sequor
698 4391 843 4447 editionem
862 4390 976 4445 alteram
990 4388 1122 4445 Friderioi
1135 4388 1242 4444 Blassii.
