2932 5032
1192 403 1239 471 41

121 607 265 675 cationis
295 627 421 689 quoque
451 608 517 676 virn
546 609 708 674 nonnullis
739 609 819 675 locis
850 611 973 675 habere
1003 607 1094 675 dicit.
1149 607 1241 690 Quod

122 715 248 783 accidit
270 715 303 781 in
327 714 413 802 §ab
452 716 573 781 Orator
595 716 745 782 laudibus
770 716 864 782 effert
888 716 1028 799 eosqui
1051 736 1109 798 pro
1133 715 1243 798 patria

120 828 260 889 mortem
294 825 527 905 occubuerunt3
565 823 778 889 immortalem
815 823 952 906 gloriam
984 822 1045 889 sibi
1079 841 1243 904 compara-

121 934 253 999 verunt.
305 931 388 995 Nam
419 930 630 1011 deplorantur
659 937 697 996 ut
726 931 882 996 mortales
914 935 1049 1012 propter
1080 934 1241 1010 naturam,

122 1041 260 1120 propter
280 1035 437 1103 virtutem
461 1037 668 1102 celebrantur
692 1041 728 1102 ut
750 1037 960 1103 immortales.
1013 1037 1093 1101 Tum
1117 1035 1242 1118 pergit:

123 1146 180 1209 καὶ
203 1145 328 1227 γάρτοι
348 1145 523 1208 θάπτονται
543 1145 688 1227 δημοσίᾳ,
707 1146 760 1208 καὶ
780 1147 903 1227 ἀγῶνες
920 1146 1051 1208 τίθενται
1070 1142 1118 1207 ἐπ’
1139 1145 1245 1214 αὐτοῖς

123 1253 238 1334 ῥώμης
260 1251 314 1315 καὶ
338 1253 451 1334 σοφίας
480 1253 533 1314 καὶ
555 1253 703 1326 πλούτου,
726 1253 773 1322 ὡς
797 1253 907 1325 ἀξίους
930 1254 1024 1322 ὄντας
1046 1251 1120 1321 τοὺς
1142 1252 1175 1314 ἐν
1197 1259 1243 1332 τῷ

122 1359 256 1442 πολέμῳ
278 1359 528 1441 τετελευτηκότας
546 1365 612 1430 ταῖς
636 1361 744 1429 αὐτοῖς
761 1365 864 1440 τιμαῖς
886 1360 941 1422 καὶ
962 1358 1038 1429 τοὺς
1061 1358 1243 1428 ἀθανάτους

122 1467 283 1550 τιμᾶσθαι,
326 1465 442 1546 quibus
482 1465 592 1531 verbis
634 1465 817 1548 explicatur
862 1465 906 1548 id,
950 1466 1035 1546 quod
1077 1463 1244 1530 antecedit

125 1576 307 1660 (θμνοῦνται
332 1575 366 1639 δὲ
390 1576 437 1645 ὡς
460 1576 611 1638 ἀθάνατοι
634 1575 685 1639 διὰ
707 1576 765 1658 τὴν
789 1575 926 1660 ἀρετήν).

213 1682 251 1747 In
280 1685 362 1747 orat.
386 1681 433 1746 VI
460 1682 560 1746 semel
587 1707 634 1745 τοι
664 1681 830 1747 invenitur
853 1682 1057 1748 coniunctum
1083 1701 1154 1748 curn
1178 1683 1246 1744 ἐπεί

123 1789 182 1877 (39
207 1790 274 1853 ἐπεί
294 1814 340 1852 τοι
365 1789 467 1852 δεινὸν
491 1792 531 1852 ἂν
555 1792 611 1871 εἴη,
635 1791 664 1852 εἰ
687 1841 693 1853 .
721 1840 727 1852 .
754 1840 760 1852 .
788 1788 820 1874 ..)

213 1895 377 1961 Isocrates
409 1920 456 1959 τοι
487 1895 681 1976 particulam
714 1914 778 1960 non
810 1894 982 1976 usurpavit
1013 1894 1077 1959 nisi
1108 1893 1142 1959 in
1173 1912 1244 1958 con-

123 2001 288 2068 iunctione
317 2002 371 2065 καὶ
402 2003 463 2084 γάρ
493 2027 548 2066 τοι.
600 2001 680 2067 Loci
704 2002 917 2084 coustantii,
943 2006 977 2083 43
1001 2002 1040 2074 V,
1068 2007 1144 2082 1083
1169 2001 1242 2081 Vll,

125 2115 179 2191 30,
205 2114 255 2183 35,
279 2114 334 2191 693
358 2108 449 2190 VIII,
476 2115 509 2191 53
533 2109 576 2189 X,
603 2114 658 2190 373
683 2109 755 2189 XV,
782 2115 856 2175 286.

213 2215 327 2281 Isaeus
357 2216 419 2280 bac
449 2214 675 2280 coniunctione
705 2232 781 2280 usus
811 2234 875 2280 non
907 2218 968 2279 est.
1024 2216 1162 2279 Praesto
1194 2219 1245 2278 est

125 2322 212 2405 apud
251 2341 322 2388 eum
359 2321 523 2404 particula
553 2346 599 2386 τοι
631 2341 693 2386 uno
730 2322 800 2386 loco
838 2321 911 2407 (XI,
945 2321 992 2407 4).
1048 2321 1169 2386 Orator
1203 2322 1244 2385 ab

125 2433 315 2496 accusatore
353 2429 511 2511 poposcit,
549 2434 586 2494 ut
623 2429 863 2495 demonstraret
900 2428 1057 2511 pupillum
1094 2447 1135 2493 ex
1171 2428 1245 2510 lege

125 2537 254 2603 affinem
279 2537 431 2618 Hagniae
456 2554 541 2618 esse;
567 2536 595 2602 si
618 2536 652 2601 id
682 2536 826 2618 fecisset,
851 2555 886 2601 se
914 2535 1055 2601 libenter
1079 2534 1245 2599 dimidium

123 2641 321 2709 hereditatis
353 2662 453 2724 puero
486 2642 637 2708 daturum
670 2662 758 2709 esse:
792 2645 821 2706 εἰ
851 2644 887 2705 ὂέ
918 2667 964 2706 τοι
996 2643 1097 2725 μηδὲν
1127 2643 1246 2704 τούτων

125 2754 188 2825 ἕξει
216 2753 319 2824 εἰπεῖν,
342 2757 414 2821 πῶς
437 2752 497 2814 οὐκ
523 2752 720 2833 ἕλεχθήοεται
743 2756 893 2832 φανερῶς
917 2750 971 2831 ἐμὲ
996 2751 1056 2832 μὲν
1081 2773 1244 2832 συκοφαν-

124 2863 201 2938 τῶν,
220 2858 305 2938 ὑμᾶς
325 2857 354 2920 ‹l’
372 2858 564 2938 ἐξαπατῆσαι
582 2857 669 2936 παρὰ
689 2856 764 2926 τοὺς
783 2856 905 2936 νόμους
924 2858 1042 2937 ζητῶν,
1078 2854 1247 2918 Pulticula

125 2988 171 3028 τοι
202 2967 313 3028 orator
344 2963 513 3029 declarare
543 2963 615 3029 vult
649 2961 873 3028 adversarium
902 2963 1068 3044 postulato
1099 2960 1247 3027 satisfac-

126 3075 236 3136 turum
258 3089 321 3136 non
346 3089 427 3136 esse.

216 3176 311 3259 Apud
334 3177 528 3242 Aeschinem
558 3177 722 3258 particula
751 3203 797 3241 τοι
825 3175 990 3242 codicibus
1020 3175 1159 3258 pessime
1183 3193 1247 3240 ser·

128 3288 208 3349 vata
231 3288 292 3350 est.
321 3283 379 3364 Ill,
404 3289 464 3347 130
490 3302 599 3348 omnes
623 3282 708 3364 libri,
733 3302 795 3348 uno
819 3303 839 3364 p
865 3287 1011 3363 excepto,
1026 3280 1245 3362 consentiunt,

129 3396 240 3456 orator
277 3395 507 3455 commemorat
543 3395 745 3471 quantopere
784 3389 830 3454 dii
865 3392 963 3454 rebus
1000 3387 1248 3453 Atheniensium

128 3497 273 3564 omnibus
296 3496 495 3578 temporibus
515 3496 748 3563 consuluerint:
769 3498 923 3579 οὐδεμίαν
941 3521 989 3560 τοι
1007 3498 1129 3560 πώποτ’
1149 3498 1248 3579 ἔγωγε

127 3606 218 3668 πόλιν
249 3607 380 3687 ἑώρακα
409 3606 472 3668 ὑπὸ
502 3606 560 3687 μὲν
589 3611 653 3668 τῶν
683 3606 771 3668 θεῶν
801 3605 998 3686 σῳζομένην,
1030 3603 1093 3667 ὑπὸ
1123 3603 1158 3666 δὲ
1185 3609 1249 3666 τῶν

128 3714 276 3795 ρητόρων
294 3714 385 3776 ἐνίων
405 3713 638 3795 ἀπολλυμένην.
662 3711 783 3776 —Alii
802 3711 865 3775 loci
885 3730 994 3776 omnes
1013 3711 1085 3791 plus
1101 3709 1247 3775 minusve

129 3817 273 3899 corrupti
304 3824 389 3883 sunt.
414 3819 439 3899 I,
466 3825 506 3882 83
538 3818 608 3883 cod.
634 3819 795 3900 abglm
811 3837 864 3899 op
888 3819 1002 3899 legunt
1025 3820 1116 3899 ἡμεῖς
1139 3841 1194 3888 τοι,
1219 3815 1247 3879 εὖ

126 3926 205 4000 Ἀθ,
230 3927 260 3988 οἱ
284 3925 502 4006 Ἀρεοπαγῖται
526 3927 597 3988 olba
626 3931 869 4006 κατηγοροῦμεν
893 3924 969 3996 κτλ,
995 3921 1115 4002 dfllq
1139 3927 1248 3987 autem

128 4035 218 4116 ἡμεῖς
241 4035 346 4115 μέντοι
372 4083 377 4094 .
405 4082 411 4094 .
438 4082 444 4094 .
472 4060 498 4094 ,ι
522 4056 568 4095 τοι
600 4050 668 4095 cum
694 4029 935 4112 pronominibus
964 4029 1154 4111 saepissime
1179 4050 1249 4095 con-

128 4139 272 4205 iunctum
306 4158 377 4205 esse
410 4137 496 4203 inter
529 4157 638 4203 omnes
676 4142 815 4203 corrstat.
871 4139 984 4217 Neque
1022 4137 1124 4220 igitur
1159 4142 1249 4202 recte

129 4246 338 4311 Weidnerum
362 4245 478 4311 fecisse
503 4249 590 4326 puto,
612 4245 706 4326 qnod,
732 4265 802 4310 eum
827 4244 884 4309 alii
908 4263 1017 4310 omnes
1042 4244 1184 4310 editores
1202 4270 1249 4308 τοι

129 4350 324 4434 receperint,
358 4350 528 4437 scripserit
560 4354 649 4434 ἡμεῖς
680 4352 740 4432 μὲν
767 4402 772 4416 ,
800 4402 805 4414 .
833 4403 838 4414 .
866 4402 872 4414 .
924 4350 984 4432 IH,
1016 4357 1057 4415 56
1092 4350 1124 4415 in
1156 4349 1249 4418 libris
