2932 5032
183 331 204 397 8
280 326 282 331 ,

180 535 332 617 οὐδεμίαν
354 537 479 618 ἔχοντες
507 533 685 616 coniungat
712 533 860 616 eumolpo
883 534 972 597 πόλιν
994 533 1168 596 ἀνάστατον
1193 559 1312 618 παρα-

179 643 336 725 λαβόντες.
361 679 401 688 -
425 641 451 722 Ι,
478 648 516 707 21
544 640 671 706 codices
694 640 830 706 tradunt
854 692 861 705 .
888 692 894 706 .
922 692 928 704 .
952 640 1006 704 καὶ
1024 629 1153 704 ι33114133
1176 635 1312 707 ἀπιέναι

179 749 337 827 ὅπονίᾶν]
373 748 496 830 ἔμελλεν
530 747 624 818 αὐτὸς
658 747 869 830 σωθήσεσθαι
905 749 961 830 ἐμέ
995 771 1027 810 τε
1060 748 1121 810 οὐκ
1158 748 1310 816 duotore:

178 854 326 921 Blassius
356 855 495 920 adnotat
528 874 651 936 „nonne
675 855 769 925 αὐτός
790 851 881 935 3331,
907 873 990 934 quae
1020 852 1209 919 coniectura
1233 875 1308 922 rec·

178 961 305 1027 tissima
327 960 406 1027 mihi
428 961 568 1044 videtur,
593 980 665 1027 cum
688 962 771 1027 haec
792 960 937 1026 membra
965 959 1128 1025 artissime
1150 959 1240 1026 inter
1265 981 1306 1028 se

177 1070 385 1135 cohaereant.
410 1105 451 1116 -

264 1176 303 1240 In
332 1180 415 1241 orat.
439 1175 487 1241 IV
509 1174 674 1257 particula
699 1200 732 1240 τε
754 1193 829 1241 1313
858 1177 984 1239 exstat:
1008 1173 1042 1238 in
1066 1172 1085 1260 ξ
1110 1180 1150 1239 39
1174 1173 1303 1242 inveni-

175 1301 246 1348 mus
269 1282 524 1348 coniunctionem
547 1285 722 1367 μήτε-τε,
745 1281 780 1346 in
803 1279 822 1367 ξ
848 1286 888 1346 35
911 1306 1040 1346 τε-τε.

264 1390 368 1454 Multo
393 1390 523 1472 saepius
547 1409 644 1470 quam
666 1387 900 1471 particularum
923 1413 1045 1453 τε-τε
1069 1387 1299 1456 coniunctione

175 1496 361 1563 Andocides
385 1497 488 1562 utitur
510 1499 660 1578 τε-καί,
685 1496 720 1562 id
739 1495 823 1576 quod
848 1497 935 1579 apud
954 1495 1092 1579 optimos
1116 1495 1298 1578 scriptores

173 1603 303 1669 Atticos
331 1602 578 1669 usitatissimum
607 1607 668 1669 est.
719 1602 799 1668 Loci
830 1607 975 1669 exstant:
999 1603 1026 1684 I,
1054 1609 1136 1685 1,2,
1163 1609 1213 1684 12,
1244 1609 1296 1686 17,

177 1717 216 1776 13
241 1709 332 1798 (bis),
362 1718 414 1791 11,
445 1716 496 1793 31,
528 1717 579 1792 31,
609 1715 661 1793 34,
690 1716 743 1792 43,
767 1716 820 1791 41,
850 1716 903 1793 43,
929 1716 981 1791 31,
1007 1715 1059 1790 33,
1084 1716 1135 1791 33,
1161 1715 1212 1791 34,
1240 1717 1294 1793 33,

173 1826 225 1901 31,
259 1817 438 1903 131113),
473 1824 534 1883 109
567 1815 656 1903 (uis),
690 1824 762 1900 111,
797 1823 873 1901 1173
906 1817 949 1899 Π,
981 1816 1115 1902 3133),
1144 1820 1174 1897 4,
1201 1824 1230 1899 7,
1263 1825 1294 1900 3,

175 1931 214 1991 19
239 1923 330 2011 (131),
363 1921 517 2008 1111113),
549 1930 588 1989 13
614 1922 703 2008 (bis),
735 1929 784 2006 14,
818 1922 971 2009 1511113),
1001 1929 1052 2006 16,
1084 1929 1212 2006 17,18,
1240 1931 1293 2007 19,

172 2039 224 2114 29,
256 2038 297 2097 22
332 2029 422 2116 (bis),
454 2037 510 2113 23;
548 2031 607 2113 ΠΙ,
642 2038 672 2113 9,
705 2037 757 2111 23,
792 2036 832 2095 39
865 2029 954 2117 (bis).
1015 2031 1107 2096 Haec
1143 2033 1295 2112 exempla

171 2137 269 2204 facile
298 2137 332 2202 in
361 2136 423 2202 duo
454 2156 577 2219 genera
604 2140 810 2219 separantur,
839 2156 909 2202 cum
934 2141 992 2202 aut
1015 2136 1077 2202 duo
1102 2137 1201 2202 verba
1225 2136 1294 2204 illis

171 2243 342 2326 particulis
366 2243 602 2326 coniungantur
626 2248 684 2309 aut
707 2242 870 2309 enuntiati
892 2245 1047 2308 membra.
1095 2241 1294 2324 Saepissime

170 2353 255 2416 hanc
290 2349 545 2417 coniunctionem
576 2351 757 2417 invenimus
794 2350 827 2415 in
857 2355 940 2416 orat.
970 2350 1013 2432 H,
1046 2369 1129 2431 quae
1160 2349 1294 2416 circiter

171 2463 244 2524 octo
264 2457 358 2524 annis
382 2463 459 2523 ante
478 2456 614 2539 primam
639 2457 787 2523 confecta
810 2461 874 2523 est:
895 2461 1006 2524 exstat
1027 2460 1173 2520 τε-καί
1187 2457 1303 2524 vicies

170 2572 222 2630 ter
257 2565 290 2629 in
328 2564 347 2651 ξ
379 2563 633 2648 duodetriginta.
696 2564 774 2630 Cum
803 2564 838 2630 in
868 2564 987 2630 ceteris
1017 2564 1104 2646 apud
1141 2568 1292 2631 oratores

170 2672 356 2754 paucissimi
387 2672 453 2737 sint
482 2671 506 2737 ii
535 2671 609 2755 loci,
641 2672 756 2753 quibus
785 2698 817 2736 τε
840 2674 895 2736 καί
922 2673 1009 2737 nullo
1040 2671 1104 2736 alio
1132 2672 1291 2738 vocabulo

170 2775 426 2859 discernantur¹,
456 2779 518 2844 hoc
545 2798 644 2860 saepe
674 2779 708 2844 in
738 2783 821 2844 orat.
851 2778 886 2843 Π
916 2776 1049 2861 accidit3
1082 2777 1158 2858 quin
1189 2776 1290 2843 etiam

169 2885 325 2968 scriptum
360 2885 507 2952 videmus
537 2887 596 2950 ὅσα
624 2910 657 2949 τε
685 2887 739 2949 καὶ
769 2887 819 2949 οἷα
848 2884 919 2970 (15)
948 2892 983 2950 31
1011 2887 1149 2956 τοιοῦτός
1177 2910 1207 2948 τε
1236 2886 1290 2949 καὶ

169 3001 317 3063 τοσοῦτος
341 2990 423 3076 (29),
448 2992 482 3058 id
505 2993 590 3073 quod
614 2991 716 3058 331311
740 2997 887 3057 31313133
911 3012 973 3056 non
997 2994 1164 3074 praebent.

260 3100 422 3164 Nonnulla
453 3099 590 3165 dicenda
621 3103 697 3165 sunt
727 3098 766 3164 de
796 3098 978 3181 particulae
1006 3125 1038 3164 τε
1065 3098 1288 3165 collocatione.

169 3208 248 3289 Ipsa
277 3206 369 3274 verbi
399 3211 520 3272 natura
552 3205 701 3289 efficitur,
734 3211 772 3272 ut
802 3206 836 3272 id
866 3207 1067 3287 vocabulum,
1101 3207 1186 3287 quod
1219 3226 1290 3272 cum

171 3315 275 3380 altero
304 3313 519 3395 coniungitur,
543 3313 705 3395 particula
733 3319 901 3396 sequatur;
926 3319 1036 3379 tamen
1066 3314 1094 3377 si
1118 3313 1165 3377 illi
1189 3315 1290 3379 verbo

170 3419 370 3502 praepositio
390 3425 447 3485 331
463 3419 619 3486 articulus
639 3420 769 3486 additus
789 3425 849 3501 est,
868 3445 899 3484 τε
912 3419 999 3485 inter
1016 3418 1291 3500 praepositionem

171 3530 206 3591 et
239 3526 411 3590 articulum
450 3530 508 3591 aut
540 3526 627 3590 inter
663 3525 834 3590 articulum
867 3529 902 3590 et
938 3543 1051 3589 nomen
1084 3525 1160 3606 poni
1195 3527 1289 3591 solet.

171 3632 275 3715 Quam
303 3635 473 3699 verborum
502 3630 746 3698 collocationem
772 3630 842 3697 fere
870 3649 996 3713 semper
1023 3631 1207 3696 Andocides
1236 3634 1289 3698 ad-

170 3739 275 3806 hibet:
316 3739 356 3807 cf.
389 3741 415 3822 I,
443 3745 481 3805 17
515 3739 589 3810 τούς
620 3764 651 3803 τε
682 3739 806 3812 ἄλλους,
843 3745 903 3805 107
935 3741 992 3823 τήν
1023 3764 1055 3802 τε
1084 3739 1218 3803 Ἑλλάδα
1255 3745 1290 3806 31

171 3847 313 3930 saepius.
363 3847 435 3912 Duo
459 3851 585 3914 tantum
613 3845 677 3913 loci
701 3846 829 3930 excepti
853 3851 942 3913 sunt:
967 3847 1010 3930 Π,
1038 3853 1076 3913 19
1100 3848 1136 3910 τὰ
1160 3847 1220 3929 μὲν
1236 3898 1242 3909 .
1259 3898 1288 3910 ..

170 3953 376 4035 πεπραγμένα
402 4003 408 4015 .
435 4003 441 4016 .
468 4002 474 4016 .
500 4003 506 4016 .
537 3957 577 4017 ἂν
606 3954 741 4037 εἰδείητε,
771 3955 808 4018 τὰ
840 3954 875 4018 δὲ
903 3954 1056 4036 μέλλοντά
1085 3978 1117 4016 τε
1144 3953 1196 4015 καὶ
1226 3954 1286 4036 ἤδη

168 4058 365 4141 πραττόμενα
395 4060 503 4131 ἴσασιν,
536 4058 591 4138 qui
620 4058 709 4124 locus
740 4057 925 4125 defenditur
955 4077 1068 4138 earo,
1098 4058 1183 4138 quod
1213 4064 1287 4140 post

259 4286 267 4321 ¹
287 4286 321 4343 31.
336 4287 369 4342 de
384 4288 435 4342 1133
454 4303 483 4342 13
497 4287 635 4355 Fnhrium,
650 4287 717 4343 llus.
732 4288 818 4344 Rhen.
833 4305 858 4345 a.
871 4289 938 4343 1878
953 4288 1017 4361 (rol.
1032 4290 1078 4358 83)
1093 4291 1216 4361 333678
1231 4304 1287 4363 sqq.
