2932 5032
1210 378 1259 446 39

228 578 368 645 Ponitur
390 579 425 645 in
447 579 499 645 his
522 599 580 646 sex
601 581 802 648 orationibus
826 608 857 646 τε
880 581 967 647 inter
986 582 1260 665 praepositionem

136 694 175 754 et
206 686 394 770 artIculum3
426 687 454 753 si
484 687 641 754 articulus
672 691 775 770 abest,
800 689 971 756 collocatio
1002 695 1053 756 est
1084 691 1194 773 varia;
1219 690 1260 755 cf.

136 795 231 878 LIII,
258 802 274 861 l
300 796 375 879 περί
401 820 432 859 τε
461 797 569 877 χιλίων
599 798 764 879 δραχμῶν,
796 797 884 879 LIX,
910 803 928 862 3
958 800 1034 881 περί
1060 797 1261 881 vallejocosa,

138 902 180 983 L,
214 907 233 967 2
271 902 304 964 ἒν
335 910 441 983 καιρῷ
471 926 510 974 τε,
549 901 638 984 LIX,
674 907 714 966 33
748 904 794 973 ὡς
825 904 939 973 ἄλλους
973 928 1005 967 τε
1037 905 1184 975 πολλούς.
1220 941 1261 948 -

138 1008 260 1091 XLVI,
286 1014 305 1073 8
328 1005 466 1090 legimus
489 1008 526 1071 τὰ
550 1009 656 1091 ψευδῆ
679 1034 719 1074 τε.
751 1047 791 1054 -
821 1008 997 1091 Articulus,
1024 1009 1079 1089 qui
1104 1010 1146 1074 ad
1169 1012 1262 1075 ambo

140 1117 286 1181 membra
309 1118 448 1197 spectat,
472 1115 660 1196 plerumque
681 1116 857 1199 repetitum
882 1116 1026 1181 nonnulli
1048 1116 1113 1182 loci
1136 1119 1177 1182 ab
1201 1118 1263 1183 hoc

139 1241 201 1289 usu
229 1221 433 1302 discrepant:
462 1221 502 1287 cf.
531 1222 651 1304 XLVI,
678 1229 695 1287 7
727 1225 782 1306 τήν
803 1248 835 1286 τε
862 1224 1040 1306 μαρτυρίαν
1062 1224 1117 1287 καὶ
1140 1226 1260 1305 ἐκμαρ-

140 1331 259 1413 τυρίαν,
292 1328 415 1411 XLIX,
449 1335 488 1393 16
524 1330 544 1392 ὅ
571 1353 604 1392 τε
636 1331 790 1400 Φίλιππος
825 1331 879 1393 καὶ
905 1331 1092 1414 Ἀντιφάνης
1125 1328 1157 1415 (ὁ
1183 1331 1263 1394 Ἇντ.

140 1437 212 1504 cod.
235 1436 290 1523 A),
321 1436 445 1518 XLIX,
472 1442 506 1518 93
541 1436 630 1518 LIX,
665 1443 716 1518 30,
753 1443 804 1502 31.
838 1475 878 1483 —
912 1437 984 1502 Non
1016 1436 1115 1502 alitor
1144 1456 1198 1502 res
1229 1457 1263 1503 se

139 1546 244 1611 habet
272 1543 306 1608 in
329 1542 581 1626 praepositionis
611 1543 823 1627 1·epetitione;
851 1544 944 1610 modo
974 1544 1025 1611 bis
1053 1564 1094 1610 ea
1121 1544 1262 1626 ponitur,

139 1651 234 1718 modo
262 1651 296 1716 in
326 1651 431 1717 altero
459 1653 601 1716 membro
627 1650 804 1734 omittitur3
830 1651 871 1716 cf.
902 1652 991 1734 LIX,
1017 1659 1036 1719 2
1059 1655 1184 1735 περίτι
1206 1652 1262 1735 τὴν

139 1759 284 1843 ἀδελφὴν
305 1759 362 1841 τὴν
385 1759 467 1841 ἐμὴν
488 1759 541 1821 καὶ
563 1759 634 1841 περὶ
656 1761 742 1841 ἡμᾶς
766 1762 917 1841 ἅπαντας,
946 1764 996 1841 13,
1022 1765 1074 1824 33.
1108 1796 1148 1805 —
1172 1759 1261 1841 LIX,

142 1874 162 1933 3
187 1869 312 1949 περίτι
334 1865 468 1949 Λήμνου
492 1866 546 1928 καὶ
561 1866 694 1948 Ἴμβρου
717 1867 770 1929 καὶ
795 1917 802 1930 .
829 1917 834 1929 .
862 1916 868 1930 .
895 1917 926 1947 .,
951 1870 982 1946 4,
1009 1872 1083 1930 106.

231 1972 432 2039 Liberiorem
460 1972 643 2054 particulae
672 1972 916 2038 collocationem
938 1972 1126 2039 ¹invenimus
1155 1972 1193 2055 L,
1219 1977 1261 2037 40

139 2083 159 2145 ὁ
196 2081 251 2143 τόν
285 2104 317 2143 τε
357 2080 437 2161 ὑπὲρ
480 2080 619 2160 ἐμαυτοῦ
661 2080 780 2162 χρόνον
819 2079 872 2142 καὶ
912 2085 967 2143 τοῦ
1010 2081 1261 2162 συντριηράρχου

139 2187 401 2271 λελῃτουργηκὼς
431 2187 716 2268 ἕπετριηράρχηκα,
747 2185 837 2267 LIX,
863 2191 903 2250 36
929 2186 979 2248 δύ’
1009 2187 1069 2268 ἔτη,
1097 2186 1150 2248 τόν
1172 2187 1194 2248 τ’
1212 2187 1257 2249 ἐπ’

134 2296 273 2359 Ἄστείαυ
302 2295 457 2376 ἄρχοντος
483 2293 536 2355 καὶ
555 2293 778 2363 Ἀλκισθένους
805 2293 955 2366 ἐνιαυτόν,
986 2292 1058 2374 LII,
1085 2297 1125 2359 32
1151 2293 1262 2374 δέομαι

139 2402 177 2466 cia
195 2402 290 2482 ὑμῶν
309 2400 403 2470 αὐτός
421 2424 452 2462 τε
472 2400 550 2481 ὑπὲρ
571 2401 710 2481 ἐμαυτοῦ
729 2399 783 2461 καὶ
801 2398 880 2481 ὑπὲρ
899 2404 955 2461 τοῦ
974 2399 1100 2480 πατρός.
1133 2399 1223 2480 LIH,
1240 2404 1259 2462 3

139 2508 176 2573 αὖ
209 2506 269 2572 οἶδ’
291 2507 337 2570 ὅτι
375 2509 463 2589 ὑμεῖς
502 2509 524 2568 τ’
545 2508 583 2568 ἄν
620 2531 675 2588 μοι
714 2508 756 2569 ἔτι
787 2506 907 2588 μᾶλλον
939 2507 1131 2588 συγγνώμην
1166 2508 1261 2588 εἴχετε

140 2622 200 2679 τοῦ
235 2614 417 2696 ὀργίζεσθαι
449 2615 561 2686 αὐτοῖς,
598 2615 729 2683 τούτους
761 2615 782 2675 τ’
804 2613 1036 2683 ἀνοσιωτάτους
1075 2613 1263 2695 ἀνθρώπων

140 2721 305 2804 ἡγήσασθε
341 2719 426 2792 εῖναι,
466 2737 549 2798 qnae
590 2718 738 2799 exempla
779 2718 828 2782 ita
865 2717 1067 2783 conformata
1103 2721 1188 2800 sunt,
1227 2721 1265 2782 ut

141 2827 306 2911 pa1ticula
335 2852 366 2889 τε
397 2826 426 2891 ei
457 2827 566 2908 verbo,
602 2825 687 2905 quod
714 2825 756 2890 acl
787 2827 880 2890 ambo
911 2826 1055 2890 membra
1085 2824 1261 2908 pertineat,

139 2932 257 3001 addita
279 2931 332 2998 sit.
362 2969 404 2978 —
432 2931 551 3012 XLVI,
579 2937 595 2995 I
621 2933 688 3013 ἅμα
711 2933 732 2993 τ’
750 2932 833 3002 εἰκός
857 2933 920 2994 ἔστι
942 2931 1016 3001 τοὺς
1039 2933 1260 3013 ἐγχειροῦντας

139 3043 177 3106 τὰ
200 3043 308 3125 ψευδῆ
334 3048 512 3124 μαρτυρεῖν,
541 3041 594 3103 καὶ
622 3041 678 3123 τὴν
708 3041 881 3123 ἀπολογίαν
903 3040 1027 3110 εῦῦέαις
1050 3039 1131 3122 ὑπὲρ
1156 3040 1262 3102 αὐτῶν

140 3150 286 3231 palcano:
310 3149 371 3212 hoc
397 3147 468 3212 loco
492 3146 673 3229 particulas
704 3171 736 3209 τε
759 3148 871 3211 etant
892 3145 955 3211 sibi
977 3144 1174 3226 respondere
1197 3164 1262 3210 non

141 3259 230 3337 puto,
262 3254 321 3318 sed
350 3252 459 3335 potins
488 3278 520 3316 τε
543 3252 592 3317 ita
621 3252 805 3334 adhibetur,
830 3257 867 3317 ut
896 3254 981 3317 hanc
1004 3250 1260 3317 enuntiationem

141 3380 213 3427 cnm
237 3359 508 3427 antecedentibus
531 3359 641 3427 verbis
666 3359 851 3442 coniungat.

551 3647 752 3733 CAPUT
795 3649 850 3731 II.

541 3877 590 3942 De
612 3874 785 3959 particula
807 3899 862 3938 τοι.

229 4001 400 4068 Particula
428 4028 476 4067 τοι
506 4006 654 4067 oratores
677 3999 782 4064 Attici
809 3999 975 4064 rarissime
1003 3998 1053 4064 usi
1076 4003 1161 4063 sunt.
1208 3997 1258 4062 De

138 4109 343 4192 Antiphonte
374 4112 413 4175 cl'.
445 4110 635 4175 Sclnal'erum
665 4128 739 4190 pag.
771 4112 916 4171 47-49:
953 4105 1118 4171 invenitur
1151 4130 1195 4168 τοι
1225 4105 1259 4169 in

138 4217 325 4300 tetralogiis
356 4219 464 4299 semel,
496 4216 529 4280 in
558 4222 641 4280 orat.
670 4216 686 4280 I
711 4214 819 4297 semel,
850 4214 883 4279 in
912 4219 994 4279 orat.
1020 4214 1048 4277 V
1077 4211 1256 4295 quinquies

138 4324 174 4391 iu
198 4329 279 4390 orat.
304 4326 351 4391 VI
375 4324 433 4391 bis.
