2932 5032
1236 419 1284 485 25

169 627 214 688 ὅτι
240 627 262 687 τ’
283 625 376 706 ἐσμὲν
403 627 439 687 ἐκ
467 624 629 706 θυγατρὸς
658 626 786 706 γνησίας
809 624 960 706 Κίρωνος
989 626 1043 688 καὶ
1067 627 1112 688 ὅτι
1135 627 1288 708 προσήκει

169 735 245 814 ἡμῖν
270 782 275 794 .
297 782 303 794 .
326 781 332 794 .
353 731 374 814 )
399 735 439 795 of.
463 731 506 812 H,
532 732 676 812 34-V,
705 737 744 796 10
775 730 842 816 (καὶ
866 732 926 813 γὰρ
950 734 1071 796 τούτων
1093 757 1125 795 τε
1149 734 1216 814 ἅμα
1235 732 1288 795 καὶ

170 840 338 920 ἐπίτροπος
369 839 423 900 καὶ
455 839 566 919 κύριος
599 839 652 900 καὶ
681 839 836 908 ἀντίδικος
869 837 922 922 ἦν)
954 842 1046 903 recte
1077 837 1230 903 Reiskius
1257 863 1289 902 τε

170 943 303 1026 delevit,
329 945 413 1025 quod
436 945 522 1009 nullo
547 945 639 1009 modo
663 944 811 1028 intellegi
834 948 954 1026 potest.

259 1158 430 1241 Lycurgus
460 1183 492 1221 τε
524 1157 718 1240 particulam
755 1177 818 1223 non
851 1177 950 1239 saepe
983 1158 1169 1239 usurpavit:
1209 1160 1289 1222 ὥστε

171 1266 258 1346 apud
287 1284 357 1330 cum
385 1265 567 1331 invenimus
590 1264 798 1346 undetricieS,
823 1266 945 1328 οἷόντε
969 1265 1046 1328 εἶναι
1076 1265 1175 1330 semel
1207 1262 1288 1348 (49),

171 1391 344 1452 numquam
362 1372 522 1438 vocabula
541 1373 587 1455 ἐφ’
605 1370 666 1454 pire
690 1375 724 1435 et
747 1373 809 1434 ἅτε.
851 1371 963 1451 Neque
981 1396 1013 1435 τε
1032 1372 1132 1436 semel
1150 1371 1290 1453 positum

172 1478 215 1542 ad
238 1478 409 1544 enuntiata
429 1478 654 1561 coniungenda
678 1477 828 1542 adhibuit
846 1497 950 1557 neque
971 1478 1152 1559 particulas
1170 1503 1291 1541 ιε-τε

172 1585 370 1668 0001000133,
395 1586 454 1651 sed
483 1606 541 1666 pro
572 1585 632 1667 his,
656 1584 690 1649 id
724 1585 808 1665 quod
836 1585 922 1667 apud
954 1585 1091 1667 optimos
1115 1585 1292 1666 scriptores

171 1692 301 1757 Atticos
324 1691 571 1758 usitatissimum
601 1696 661 1774 est,
686 1711 814 1773 semper
835 1684 981 1756 ιε’-καί
1001 1693 1114 1757 utitur.
1156 1691 1236 1757 Loci
1257 1691 1292 1756 hi

171 1803 261 1864 sunt:
294 1804 323 1881 5,
355 1805 404 1881 ro,
432 1806 482 1881 13,
510 1804 551 1864 14
576 1797 666 1884 (nis),
694 1805 745 1881 15,
771 1805 822 1879 aa,
850 1805 900 1880 33,
927 1805 977 1880 35,
1005 1805 1056 1885 50,
1082 1804 1134 1880 55,
1161 1803 1212 1881 τι,
1238 1804 1315 1879 87,-

174 1913 246 1989 100,
286 1912 358 1989 112,
399 1913 472 1971 113.
535 1906 716 1971 Praeterea
760 1907 865 1976 ἄλλως
907 1931 939 1969 τε
982 1909 1038 1968 καί
1084 1908 1195 1970 exstat
1241 1903 1291 1970 bis

172 2010 228 2096 (29
255 2018 289 2078 et
314 2013 380 2097 74).

259 2120 381 2186 Locum
413 2138 505 2185 suum
536 2121 637 2185 habet
669 2119 833 2200 particula
866 2119 952 2200 apud
983 2119 1167 2202 Lycurgum
1206 2118 1292 2183 iuter

172 2226 343 2292 articulum
367 2230 401 2292 01
419 2245 534 2291 nomen
559 2230 617 2292 aut
640 2226 727 2291 inter
746 2226 1021 2307 praepositionem
1046 2230 1080 2290 et
1104 2224 1291 2308 articulum3

173 2352 234 2398 uno
257 2334 337 2416 loco,
363 2353 423 2413 quo
447 2332 722 2414 praepositionem
747 2333 903 2398 articulus
926 2353 990 2397 non
1018 2332 1175 2414 sequitur,
1201 2333 1294 2397 collo-

173 2441 259 2505 catio
289 2445 340 2505 est
367 2443 402 2513 ἒξ
429 2441 533 2504 ἄλλων
556 2465 587 2503 τε
609 2441 737 2504 πολλῶν
762 2438 844 2526 (35).
897 2440 1014 2520 ltaque
1038 2440 1123 2505 falsa
1147 2443 1293 2504 031000-

171 2547 299 2612 iectura
325 2546 490 2630 Pinzgeri,
521 2547 575 2627 qui
604 2553 644 2611 35
675 2554 787 2611 τοῦτον
816 2548 851 2611 δὲ
881 2545 941 2631 (30.
964 2549 1018 2611 τὸν
1046 2549 1151 2630 ῥύακα
1174 2547 1292 2632 πυρὸς)

173 2657 238 2737 ῥεῖν
262 2679 358 2736 φασιν
382 2654 432 2718 ἐπὶ
454 2655 510 2737 τὴν
533 2656 629 2737 ἀλλην
652 2656 763 2736 χώραν
785 2656 839 2717 καὶ
863 2655 901 2737 δὴ
931 2656 986 2717 κοί
1009 2654 1091 2736 πρὸς
1114 2655 1204 2717 πόλιν
1226 2653 1292 2716 τινὰ

173 2768 237 2825 τῶν
268 2764 333 2825 ἐκεῖ
358 2763 619 2843 κατοικουμένων
646 2765 721 2841 post
752 2761 802 2823 ἐπὶ
825 2762 882 2843 τὴν
913 2760 1006 2825 addit
1033 2760 1228 2841 particulam
1252 2785 1293 2841 τε,

175 2888 257 2947 quae
280 2868 398 2949 potina,
419 2867 447 2932 si
470 2866 878 2946 30111030030100101003,
900 2886 971 2932 cum
990 2866 1124 2930 Baitero
1145 2866 1295 2948 ponenda

175 2979 226 3040 est
256 2982 329 3056 post
363 2976 422 3038 ἐπί.
477 2975 588 3053 Neque
621 2993 708 3055 vero,
744 2993 814 3038 cum
849 2973 902 3038 bic
941 2973 1081 3038 alterum
1118 2975 1293 3037 membrum

175 3082 409 3165 particularum
441 3080 666 3148 coniunctione
699 3082 753 3144 καὶ
784 3081 823 3163 δὴ
855 3082 911 3143 καί
940 3083 1118 3164 prematur,
1152 3078 1232 3143 illud
1263 3103 1295 3141 τε

176 3189 239 3254 0110
270 3189 363 3253 modo
395 3188 627 3253 desideramus.
658 3226 697 3234 -—
729 3186 895 3253 Articulus
920 3192 954 3252 01
976 3186 1187 3268 praepositio,
1212 3204 1295 3264 quae

176 3296 219 3361 ad
242 3300 413 3376 utrumque
437 3296 614 3359 membrum
637 3295 793 3376 pertinet,
814 3313 942 3374 semper
965 3294 999 3358 in
1023 3295 1127 3358 altero
1152 3293 1294 3357 membro

176 3402 352 3484 repetitum
385 3401 424 3466 ci.
457 3408 496 3466 lo
525 3405 545 3485 ἥ
573 3426 604 3464 τε
628 3407 692 3464 τῶν
722 3402 915 3464 ἀδικούντων
946 3402 1082 3482 τιμωρία
1112 3401 1165 3462 καὶ
1189 3401 1296 3482 ἡτοῖς

176 3511 308 3592 ἀνδράσι
331 3517 396 3579 τοῖς
415 3510 550 3590 ἀγαθοῖς
570 3508 719 3591 διδομένη
741 3509 858 3589 δωρεά,
880 3512 919 3571 35
940 3509 975 3580 ἒξ
994 3508 1099 3571 ἀλλων
1118 3531 1149 3570 τε
1167 3506 1296 3570 πολλῶν

176 3618 229 3679 καὶ
253 3619 289 3679 ἐκ
311 3622 368 3679 τοῦ
392 3617 437 3698 μὴ
464 3617 626 3689 δέξασθαι.

266 3723 345 3787 Tria
383 3724 532 3804 exempla
573 3722 606 3786 in
644 3721 829 3787 Leocratea
870 3719 1061 3801 invenimus
1103 3720 1138 3784 in
1181 3719 1296 3799 quibus

176 3830 347 3911 Lycurgus
370 3828 564 3908 particulam
588 3854 619 3891 τε
646 3829 746 3893 multo
778 3828 911 3893 liberius
935 3833 969 3892 et
992 3826 1180 3891 inusitatius
1205 3827 1298 3891 collo-

178 3939 242 4002 eat.
270 3939 311 3998 114
335 3935 490 4016 ἐπιφανής
513 3960 544 3997 τε
568 3937 626 4016 γάρ
650 3937 713 3997 ἔστι
738 3934 788 3997 διά
812 3935 865 3996 τὸν
888 3935 1024 3996 ἔκπλουν
1051 3933 1105 3995 τὸν
1127 3935 1169 4002 είς
1189 3933 1298 3996 Ῥόδον

177 4043 231 4106 καὶ
254 4042 310 4125 τὴν
333 4042 522 4122 ἀπαγγελίαν
545 4045 584 4123 ἣν
606 4042 775 4123 ἐποιήσατο
800 4041 865 4103 κτλ.
908 4039 1017 4104 Antea
1040 4043 1152 4104 orator
1174 4038 1298 4103 iudices

179 4148 354 4230 admonuit,
384 4151 421 4212 ut
448 4146 670 4212 meminissent
698 4166 828 4212 eausam
857 4145 1030 4211 Leocratis
1059 4145 1195 4210 aliarum
1227 4164 1298 4210 cau-

178 4275 287 4320 sarum
317 4255 520 4335 privatarum
551 4253 687 4318 similem
717 4273 781 4318 non
812 4273 898 4336 esse,
930 4272 1005 4317 narn
1034 4252 1123 4318 illum
1153 4252 1298 4318 omnibus

179 4361 316 4428 Graecis
335 4368 445 4426 notum
465 4380 546 4443 esse,
568 4361 775 4443 quamobrem
795 4358 934 4426 omnium
953 4359 1037 4424 oculi
1056 4358 1090 4425 in
1108 4358 1156 4424 rei
1176 4358 1298 4424 exitum
