2932 5032
1244 460 1289 528 13

169 666 295 732 παίδων
318 666 372 731 καὶ
396 672 553 750 γυναικῶν
576 667 683 738 πόδας
702 665 808 738 οἶκτός
831 692 862 731 τε
885 669 1034 749 πατέρων
1057 668 1111 731 καὶ
1133 669 1292 751 μητέρων,

171 773 319 856 λογισμὸς
342 774 383 847 δ’,
408 775 437 836 εἶ
457 773 693 856 δυστυχήσειαν,
718 778 782 836 τῶν
805 773 986 855 μελλόντων
1010 774 1140 837 ἔσεσθαι
1163 780 1291 857 κακῶν,

170 880 454 962 Supervacaueum
492 884 543 946 est
579 881 614 943 δέ
650 885 725 960 post
766 879 917 962 λογισμὸς
953 899 1024 945 cum
1059 880 1225 962 Stephano
1259 885 1292 945 et

170 987 322 1052 Bekkero
345 985 379 1051 in
402 1010 434 1049 τε
457 991 594 1051 mutare.
619 1023 660 1032 —

259 1090 456 1172 Saepissime
509 1089 596 1172 apud
641 1089 776 1173 Lysiam
826 1090 1008 1157 invenimus
1058 1091 1292 1173 particularum

168 1201 314 1263 τε-καί
335 1197 601 1264 coniunctionem.
644 1197 726 1264 Loci
745 1202 892 1263 exstant:
916 1197 941 1280 I,
967 1203 1002 1281 4,
1027 1199 1086 1281 HI,
1114 1205 1143 1281 6,
1165 1204 1216 1281 34,
1239 1206 1290 1281 37,

169 1312 226 1391 44,
251 1307 307 1389 IV,
332 1313 363 1389 8,
384 1312 402 1371 9
428 1304 518 1390 (libri
541 1331 584 1389 γε,
605 1307 729 1372 emend.
753 1304 900 1391 Reiske),
929 1313 983 1389 11,
1007 1307 1097 1390 VIII,
1123 1314 1157 1390 3,
1180 1307 1223 1390 Χ,
1250 1314 1291 1373 20

170 1412 264 1498 (us),
288 1412 347 1493 XI,
373 1418 409 1496 2,
433 1412 509 1494 XII,
536 1418 586 1494 12,
611 1416 665 1494 41,
690 1416 742 1494 44,
767 1417 821 1494 45,
847 1417 899 1493 5ο,
925 1417 977 1494 54,
1003 1418 1056 1494 51,
1082 1419 1134 1495 51,
1160 1419 1212 1495 55,
1239 1419 1289 1495 7o,

171 1524 222 1601 74,
247 1526 298 1602 22,
326 1526 403 1603 1oo;
432 1519 525 1602 XIII,
555 1523 585 1601 4,
617 1524 647 1601 5,
678 1525 728 1601 13,
763 1523 813 1601 14,
846 1525 898 1601 21,
923 1524 976 1602 41,
1002 1525 1054 1601 57,
1080 1526 1131 1603 71,
1157 1527 1208 1603 77,
1234 1527 1291 1602 e1;

168 1626 257 1709 XIV,
284 1633 339 1709 323
363 1626 436 1708 XV,
464 1633 496 1710 1,
526 1626 634 1708 XVII,
660 1632 689 1708 2,
716 1633 745 1709 3,
771 1632 800 1708 5,
826 1632 933 1710 515,
961 1618 1086 1711 XVIII,
1111 1633 1168 1710 15,
1197 1627 1290 1710 XIX,

169 1739 221 1816 23,
247 1740 299 1813 25,
320 1740 372 1817 22,
394 1739 445 1817 55,
468 1738 524 1816 54;
548 1733 641 1816 XXI,
667 1740 698 1815 5,
720 1739 772 1816 11,
799 1740 854 1817 123
873 1733 983 1816 XXII,
1010 1740 1061 1817 21,
1087 1741 1143 1817 223
1162 1735 1290 1817 XXIII,

168 1844 199 1922 4,
225 1844 255 1921 5,
282 1846 311 1922 7,
336 1846 366 1922 8,
398 1845 438 1906 Ie
463 1839 553 1926 (bis),
588 1845 625 1905 11
651 1838 741 1925 (bis),
776 1844 830 1921 16,
861 1839 984 1921 XXIV,
1019 1845 1073 1922 15,
1104 1838 1228 1923 XXVI,
1260 1848 1290 1922 9,

172 1952 210 2012 13
235 1945 319 2031 (cod.
345 1946 423 2012 CX
451 1946 515 2033 γε),
539 1946 680 2029 XXVII,
707 1951 736 2028 3,
764 1952 797 2028 7,
825 1946 952 2029 XXIX,
978 1952 1011 2029 9;
1035 1946 1145 2030 XXX,
1174 1953 1224 2030 15,
1249 1952 1290 2013 20

169 2051 259 2137 (libri
285 2078 328 2135 χε,
355 2053 480 2118 emend.
505 2052 662 2139 Bekker),
688 2059 745 2135 23,
775 2052 902 2134 XXXI,
931 2059 949 2118 3
982 2051 1071 2138 (libri
1095 2079 1137 2136 γε,
1163 2054 1288 2120 emend.

168 2159 367 2246 Markland),
402 2167 432 2242 5,
469 2164 519 2242 14,
553 2166 609 2243 25,
648 2160 809 2243 XXXIII,
846 2166 874 2225 1.
910 2199 950 2207 -
990 2160 1145 2243 XXVIII,
1182 2168 1220 2227 17
1256 2161 1290 2227 in

169 2268 311 2333 editione
341 2267 552 2333 Bekkeriana
579 2273 690 2333 exstat
721 2270 788 2350 ἅμα
816 2274 881 2338 τοῖς
907 2292 940 2331 τε
963 2269 1066 2351 φίλοις
1092 2275 1157 2340 τοῖς
1179 2270 1289 2351 ὑμετέ-

168 2400 236 2457 ροις
279 2376 458 2439 ἀποδοῦναι
500 2378 594 2458 χάριν
635 2376 689 2439 καὶ
725 2375 811 2458 παρά
848 2381 913 2438 τῶν
955 2375 1154 2440 ἀδικούντων
1199 2377 1290 2460 δίκην

167 2483 284 2565 λαβεῖν.
354 2479 547 2546 1511551555
588 2480 731 2547 editores
778 2480 933 2547 omittunt
973 2507 1019 2547 ze:
1062 2481 1102 2547 de
1145 2482 1291 2548 codicum

167 2588 307 2654 lectione
338 2593 372 2653 et
398 2587 433 2652 hi
461 2594 493 2654 51
521 2587 578 2654 1115
605 2593 728 2654 tacent.
754 2627 793 2635 -
819 2589 1002 2654 Praeterea
1024 2588 1162 2654 formula
1186 2591 1290 2661 ἄλλως

167 2720 199 2759 τε
226 2696 283 2759 καί
307 2699 439 2776 praesto
468 2701 519 2761 est
541 2695 602 2778 III,
628 2701 684 2778 29,
709 2695 781 2778 VH,
808 2702 837 2777 6,
863 2701 920 2778 36,
950 2695 1024 2778 XV,
1052 2702 1107 2779 10,
1131 2697 1289 2780 XXVIII,

170 2808 204 2885 5,
227 2802 383 2882 XXXIV,
409 2808 439 2868 5.

257 2908 403 2974 Collocat
428 2908 547 2991 Lysias
572 2927 698 2989 quoque
720 2906 917 2990 particulam
946 2909 1034 2974 iuter
1058 2908 1229 2975 articulum
1255 2915 1290 2976 51

168 3035 284 3081 nomen
307 3022 365 3081 aut
386 3015 474 3082 iuter
496 3016 770 3099 praepositionem
795 3023 830 3081 51
853 3017 1036 3083 articulum.
1079 3017 1129 3083 Ab
1149 3019 1210 3083 hoc
1229 3037 1289 3084 usu

169 3121 321 3188 dissentit
356 3123 483 3206 XXIII,
515 3129 552 3189 4:
590 3130 656 3187 τῶν
692 3125 799 3188 ἀλλων
832 3130 896 3188 τῶν
932 3124 1094 3206 λαχόντων
1129 3149 1161 3188 τε
1198 3125 1289 3196 δίκας

168 3232 256 3313 αὐτῷ
279 3280 285 3293 .
311 3281 317 3294 .
343 3281 348 3294 .
375 3279 405 3304 .,
443 3230 553 3313 XXX,
593 3236 632 3296 15
669 3231 744 3302 τοὺς
781 3233 842 3314 μὲν
877 3232 1107 3305 ἀποθανόντας,
1143 3232 1216 3303 τοὺς
1254 3234 1289 3296 δὲ

168 3342 342 3423 φεύγοντάς
376 3365 407 3404 τε
440 3342 495 3404 καὶ
527 3343 566 3405 οὐ
594 3343 819 3424 μετασχόντας,
848 3340 902 3408 hie
931 3342 1020 3407 Iocus
1053 3341 1164 3407 eodem
1194 3341 1288 3407 modo

169 3451 267 3527 atque
304 3446 481 3512 Andocidis
516 3447 558 3529 II,
601 3454 639 3513 19
679 3446 892 3529 intellegitur.
936 3485 977 3494 —-
1018 3447 1052 3513 Si
1089 3447 1288 3530 praepositio

169 3553 341 3621 coniuncta
370 3559 422 3620 551
452 3574 523 3621 eum
553 3555 740 3638 pronomiue
771 3561 828 3620 aut
857 3555 1015 3621 vocabulo
1046 3554 1116 3621 siue
1149 3555 1287 3622 articulo

169 3660 339 3728 collocatio
368 3662 552 3744 particulae
575 3662 670 3728 varia
697 3666 763 3728 est:
787 3661 969 3729 invenImus
992 3661 1068 3743 XII,
1094 3668 1135 3729 52
1159 3665 1241 3745 ὑπέρ
1263 3665 1286 3726 τ’

167 3770 318 3850 ἐμαυτοῦ,
346 3769 453 3850 XVII,
478 3774 496 3833 5
525 3772 608 3851 πρός
634 3794 667 3833 τε
689 3771 783 3851 ὑμᾶς,
812 3768 905 3851 XXI,
934 3774 971 3834 ll
996 3770 1082 3850 παρά
1105 3793 1137 3832 τε
1160 3771 1289 3840 ἑκόντος

167 3877 258 3957 ἐμοῦ,
282 3875 376 3956 XIII,
403 3881 419 3939 1
444 3876 507 3938 ὑπό
531 3900 561 3938 τε
584 3877 687 3957 ὑμῶν.
710 3913 748 3922 -
769 3875 862 3956 XIX,
890 3880 928 3939 13
954 3880 1063 3939 autem
1087 3877 1137 3937 ὑπ’
1168 3877 1287 3939 ἐκείνου

166 4006 206 4054 τε,
238 3987 279 4047 29
312 3981 392 4064 ὑπὲρ
422 3982 520 4044 αὑτοῦ
550 4005 589 4053 τε,
624 3987 664 4044 56
697 3983 772 4044 ἀνευ
799 3982 941 4063 ἀνάγκης
970 4005 1009 4055 τε,
1039 3981 1132 4063 ΧΙΠ,
1166 3988 1204 4046 77
1237 3983 1288 4046 ἐπὶ

171 4089 280 4171 Φυλήν
302 4113 344 4153 τε.
368 4126 409 4135 -
430 4086 622 4168 ArtIculum,
648 4086 702 4167 qui
727 4086 769 4152 ad
787 4091 959 4168 utrumque
977 4089 1148 4170 particulis
1166 4115 1287 4153 τε-ιε

168 4197 226 4259 aut
243 4219 386 4259 τε-και
405 4196 580 4260 membrum
600 4193 803 4259 coniunctum
822 4194 974 4276 pertinet,
995 4195 1114 4277 Lysias
1134 4202 1286 4278 repetere

167 4302 265 4366 solet:
290 4299 331 4366 cf.
355 4301 432 4383 XII,
458 4308 514 4384 92,
537 4301 610 4383 XV,
634 4307 665 4384 1,
688 4302 795 4383 XVII,
816 4307 851 4384 8,
875 4301 999 4382 XVIII,
1020 4307 1061 4366 25
1087 4306 1121 4366 51
1144 4302 1284 4383 saepius

168 4409 317 4490 Excepta
340 4413 415 4472 sunt
438 4410 500 4472 duo
525 4408 674 4489 exempla
696 4407 821 4493 XXIII,
846 4413 867 4471 4
890 4413 925 4471 et
947 4408 1056 4489 XXX,
1080 4415 1118 4473 15
1143 4428 1226 4488 quae
1250 4428 1286 4474 se
