2932 5032
1172 435 1217 502 51

104 638 286 722 particulae
318 658 445 721 semper
477 659 539 704 uno
573 643 700 704 tantum
733 640 889 706 vocabulo
922 640 1115 722 interposito
1151 639 1226 704 diri·

104 749 237 811 muntur
273 743 403 831 (vicies)
441 748 574 827 praeter
611 760 708 810 unum
748 746 864 826 locum,
902 745 957 810 ubi
998 765 1113 810 nomen
1155 764 1224 810 cum

106 851 243 919 articulo
271 852 358 918 inter
387 871 443 917 eas
474 857 525 917 est
552 851 693 933 positum
722 851 859 936 (XVIII,
888 859 949 918 110
978 855 1078 916 καίτοι
1106 853 1144 915 τὰ
1167 854 1224 934 μέ-

106 962 193 1044 γιστά
216 960 276 1046 γε).
319 959 410 1042 Quae
430 979 500 1024 cum
523 959 572 1024 ita
594 959 661 1024 sint
679 960 802 1041 XXIV,
825 967 897 1042 113,
918 960 972 1025 ubi
996 960 1153 1025 traditum
1176 963 1227 1024 est

106 1069 207 1132 καίτοι
230 1069 291 1150 y’d
313 1068 439 1140 Σόλων,
472 1066 542 1132 siue
573 1065 669 1132 dubio
701 1085 771 1132 cum
796 1067 915 1132 Cobeto
944 1067 1148 1133 scribendum
1176 1071 1227 1132 est

106 1177 206 1239 καίτοι
237 1177 314 1257 ὅγε
342 1175 466 1238 Σόλων.
500 1212 540 1220 -
572 1173 662 1238 Idem
694 1173 763 1238 fere
795 1174 915 1240 accidit
945 1173 979 1238 in
1009 1173 1128 1255 spuriis
1159 1193 1228 1239 ora-

107 1281 259 1348 tionibus.
307 1281 384 1347 Cum
411 1282 472 1346 hoc
500 1300 560 1346 usu
587 1300 651 1346 uon
681 1279 849 1362 discrepat
871 1280 1027 1363 XXXIV,
1053 1287 1093 1346 29
1118 1282 1226 1354 καίτοι,

108 1387 201 1471 clyp
225 1389 279 1452 καὶ
305 1390 384 1463 θεοί,
407 1391 550 1471 προσῆκέ
578 1413 620 1470 γε,
652 1406 756 1468 nequo
787 1387 872 1452 enim
902 1387 960 1453 illa
989 1387 1154 1453 sollemnis
1183 1387 1229 1452 in-

108 1494 237 1561 vocatio
268 1495 309 1560 ad
340 1494 534 1577 particulam
567 1498 707 1575 spectat.
762 1493 827 1559 Sed
855 1493 928 1576 XL,
961 1499 1002 1558 55
1034 1494 1096 1559 duo
1126 1496 1228 1561 verba

108 1601 194 1667 inter
212 1602 393 1684 particulas
412 1601 607 1683 interposita
631 1605 707 1666 sunt
727 1602 840 1684 (καίτοι
863 1603 923 1664 οὐκ
943 1604 1009 1672 ἴσος
1033 1611 1061 1683 γ’
1076 1600 1174 1684 ἡμῖν).
1186 1639 1226 1648 -

107 1711 209 1773 καίτοι
242 1735 277 1791 γε
309 1712 421 1774 exstat
452 1707 571 1790 LVIII,
605 1714 646 1773 36
682 1706 765 1792 (cod.
799 1728 816 1772 r
847 1711 950 1771 καίτοι
981 1710 1036 1779 τάς
1067 1733 1109 1790 γε,
1144 1709 1229 1788 quod

108 1816 255 1882 Blassius
285 1815 424 1898 recepit;
456 1814 555 1880 cf.i11
586 1815 701 1881 eadem
729 1814 877 1880 oratione
906 1814 924 1901 ξ
951 1815 994 1900 7).
1020 1852 1061 1861 -
1086 1815 1159 1896 VII,
1187 1822 1226 1880 12

109 1923 178 1988 cod.
202 1924 236 1985 Σ
251 1922 354 1988 tradit
378 1948 411 2005 γε
434 1923 483 1988 bis
506 1922 647 2004 positum
672 1941 742 1988 cum
765 1924 867 1985 καίτοι
892 1922 1109 1987 coniunctum:
1130 1925 1229 1986 καίτοι

109 2055 142 2112 γε
163 2031 289 2100 πλείους
313 2055 346 2112 γε
369 2030 457 2113 ἦσαν,
481 2029 584 2095 ceteri
606 2029 682 2094 libri
705 2031 805 2093 καίτοι
827 2030 953 2100 πλείους
977 2054 1011 2111 γε
1033 2029 1122 2112 ἦσαν.
1158 2030 1230 2094 Non

107 2142 198 2202 recte
223 2137 416 2202 Turicenses
439 2137 584 2202 editores
607 2135 725 2202 fecisse
750 2141 838 2218 puto,
864 2137 949 2216 quod
973 2136 1042 2201 cod.
1066 2136 1100 2198 Σ
1125 2136 1230 2201 secuti

108 2249 198 2310 sunt:
233 2243 360 2309 dubium
392 2264 456 2309 rron
489 2263 561 2309 csse
591 2242 670 2308 milri
699 2243 840 2325 videtur,
872 2242 948 2323 quin
978 2241 1105 2307 librarii
1135 2243 1231 2325 culpa

108 2351 291 2434 particulae
320 2355 420 2417 καίτοι
451 2351 598 2416 additum
631 2352 676 2416 sit
706 2333 749 2433 γὲ.
807 2350 905 2432 Apud
938 2350 1071 2433 Lysiam
1105 2371 1231 2431 quoque

109 2460 200 2542 VIII,
222 2465 260 2524 11
287 2459 423 2524 eandem
448 2458 704 2525 coniunctionem
729 2457 885 2539 scriptam
909 2458 1056 2525 videmus
1080 2461 1232 2541 καίτοιγε

109 2573 205 2650 σφῶν
237 2565 326 2649 (libri
358 2567 408 2649 ἐφ’
424 2564 486 2652 ὧν)
521 2592 555 2649 γε
587 2568 707 2630 odida:
741 2585 816 2630 num
849 2565 918 2630 iure
955 2567 1017 2631 hoc
1053 2566 1232 2647 recipiatur

109 2673 206 2740 valde
236 2673 357 2739 dubito.
383 2711 423 2721 —
449 2674 500 2739 Ida
527 2672 761 2755 particularum
792 2672 984 2755 coniunctio,
1010 2693 1105 2752 quam
1130 2675 1231 2738 solam

108 2781 346 2846 Demosthenes
376 2779 522 2861 adhibet,
552 2779 652 2844 etiam
684 2780 770 2860 apud
801 2784 928 2846 ceteros
957 2784 1104 2845 oratores
1132 2780 1230 2845 usita-

109 2887 237 2953 tissima
268 2892 333 2952 cst:
364 2887 422 2952 sed
452 2885 662 2953 inveniuntur
692 2889 790 2951 καίτοι
814 2913 848 2970 γε
878 2908 940 2952 uno
970 2892 1083 2952 tenore
1107 2887 1231 2967 scripta

110 2995 198 3076 apud
233 2993 367 3076 Lysiam
400 2994 426 3074 Ι,
459 2997 517 3076 42;
550 2992 673 3074 XXVI,
711 3000 765 3078 163
804 2993 877 3080 (XI,
913 2994 961 3079 7);
997 2995 1139 3077 Lycurg.
1174 3000 1229 3077 903

109 3101 232 3166 Andoc.
263 3101 289 3182 Ι,
316 3107 367 3166 72.
422 3099 595 3182 Complura
625 3102 727 3166 verba
756 3100 844 3166 inter
873 3104 973 3165 notzer
1005 3105 1039 3165 et
1069 3126 1102 3183 γε
1132 3099 1231 3164 iuter-

108 3207 219 3290 posita
249 3212 324 3272 sunt
355 3208 441 3289 apud
468 3208 597 3272 Isaeum
620 3209 680 3289 ΠΙ,
707 3213 748 3273 14
780 3207 889 3291 (καίτοι
920 3211 959 3271 οὐ
989 3210 1092 3290 δήπου
1120 3206 1165 3289 γε)
1196 3212 1229 3272 et

108 3315 232 3397 Hyper.
256 3334 315 3396 pro
345 3315 428 3379 Eux.
460 3320 511 3397 35,
538 3321 554 3379 l
586 3318 709 3392 (καίτοι,
739 3318 767 3377 εἰ
794 3323 870 3379 νοῦν
898 3315 983 3398 εἶχες,
1015 3317 1090 3397 περί
1117 3339 1150 3394 γε
1174 3322 1229 3396 τῆς

109 3421 245 3505 φιάλης).
266 3460 306 3468 -
326 3420 508 3487 Discrimen
531 3421 617 3487 inter
639 3424 795 3486 καίτοι-
814 3447 848 3503 γε
871 3427 904 3487 et
926 3423 1026 3484 καίτοι
1051 3447 1085 3502 γε
1110 3424 1170 3501 est,
1191 3425 1228 3485 ui

109 3527 141 3593 in
180 3527 245 3593 illis
283 3528 438 3611 exemplis
475 3529 509 3593 id
545 3530 747 3610 vocabulum,
788 3528 871 3608 quod
909 3527 1135 3609 interpositum
1173 3527 1226 3610 sit,

108 3640 286 3719 prematur,
310 3635 345 3701 in
367 3635 417 3702 his
441 3637 596 3719 exemplis
619 3636 783 3733 particula
806 3635 878 3716 ipsa
902 3641 1048 3700 acuatur.

527 3923 726 4008 CAPUT
767 3921 812 4006 V.

472 4154 522 4217 De
551 4152 724 4235 particula
750 4152 861 4234 μέντοι.

197 4280 300 4346 Multo
330 4280 447 4359 rarius,
479 4298 573 4357 quam
607 4280 718 4359 καίτοι,
750 4282 897 4342 oratores
926 4275 1030 4341 Attici
1062 4277 1225 4357 particula

103 4389 213 4473 μέντοι
236 4387 287 4453 usi
310 4390 394 4452 suut.
440 4385 520 4451 Loci
545 4388 678 4450 exstant

197 4493 285 4575 apud
307 4491 521 4557 Andocidem:
541 4492 566 4575 Ι,
587 4496 641 4572 41,
666 4496 817 4573 63,13o;
842 4491 884 4572 ΙΙ,
912 4496 939 4573 1,
965 4496 995 4571 8,
1020 4495 1072 4573 20,
1099 4496 1149 4573 23,
1171 4496 1223 4556 28.
