2932 5032
1056 398 1239 525 ἰι

91 660 261 740 ἐπαρκέσαι
291 657 446 740 γεγόνατε,
470 655 526 738 VI,
556 660 586 737 8,
616 655 685 718 οἷόν
711 679 744 718 τε
766 656 841 737 ὑμῖν
864 656 952 718 ἔστιν.
976 691 1019 702 -
1042 652 1210 718 Vocabula

91 767 138 847 ἐφ’
164 765 226 848 ᾧτε
250 770 284 830 et
307 767 361 828 ἅτε
383 762 503 845 Lysias
525 782 590 827 non
613 765 760 844 usurpat.

179 872 348 937 Particula
387 894 420 933 τε
466 869 508 934 ad
529 867 530 871 ’
554 868 725 934 enuntiata
772 867 996 951 coniungenda
1038 866 1212 933 adhibetur

90 980 116 1060 I,
142 986 171 1061 6,
200 984 253 1060 173
278 978 370 1058 XHI,
399 981 426 1058 1,
452 981 508 1059 823
533 975 660 1058 XXIII,
687 982 720 1058 33
751 975 878 1057 XXXI,
904 982 923 1041 2
947 973 1017 1059 (ubi
1039 975 1211 1040 Bekkerus

90 1087 180 1151 nulla
217 1105 253 1150 re
288 1088 426 1166 cogente
465 1102 534 1149 oum
573 1083 657 1148 Aldo
695 1083 732 1147 δέ
766 1082 877 1167 legn't);
914 1082 1058 1164 XXXII,
1097 1087 1124 1163 1,
1157 1089 1209 1147 22.

90 1192 193 1256 Multo
231 1190 329 1256 aliter
364 1208 417 1254 res
449 1208 485 1254 se
522 1189 623 1254 habet
653 1188 746 1270 XIII,
781 1193 837 1254 40:
861 1190 1031 1271 πυθομένη
1066 1186 1093 1252 θ’
1110 1189 1209 1270 ἰκείνη

90 1301 274 1382 ἀφικνεῖται,
298 1299 397 1381 μέλαν
415 1322 447 1359 τε
471 1299 593 1379 ἱμάτιον
616 1298 824 1380 ἠμφιεσμένη,
848 1297 894 1368 ὡς
917 1297 1002 1368 εἰκὸς
1025 1296 1064 1379 ἦν
1087 1346 1094 1359 .
1119 1346 1125 1359 .
1153 1347 1160 1360 .
1185 1343 1209 1369 .,

91 1427 152 1486 quo
183 1408 252 1471 looo
283 1403 446 1487 particula
476 1429 508 1468 τε
535 1403 622 1469 nullo
651 1402 744 1468 modo
772 1402 921 1487 intellegi
950 1407 1070 1486 potest.
1121 1403 1212 1469 Turi·

91 1533 204 1579 censes
236 1512 379 1578 editores
412 1512 574 1579 adnotant
608 1536 658 1591 ,τε
689 1510 837 1576 malimus
874 1509 1020 1594 abesse“,
1057 1509 1211 1576 Reiskius

89 1620 203 1686 melius
227 1622 375 1685 lacunam
404 1617 565 1684 indicavit
594 1622 669 1700 post
699 1621 909 1702 ἠμφιεσμένη,
940 1638 1035 1699 quam
1066 1616 1211 1700 explevit

90 1726 199 1793 verbis
223 1726 277 1789 καὶ
301 1726 495 1807 δακρύουσα.

179 1831 444 1899 Coniunctiouem
477 1833 648 1915 μήτε-τε
680 1830 862 1899 invenimus
894 1831 959 1898 bls:
991 1831 1068 1913 XII,
1101 1836 1146 1896 44
1177 1836 1212 1897 et

92 1947 143 2006 72.
177 1978 218 1986 -
248 1939 342 2023 XIX,
377 1944 416 2004 55
449 1938 588 2021 legimus
620 1939 921 2003 οὔτε-οὔτε-τε.
956 1976 995 1985 -
1029 1939 1135 2032 XXV,
1170 1943 1212 2004 34

90 2046 248 2112 traditum
279 2051 329 2112 est
359 2048 450 2110 αὐτοί
476 2071 508 2108 τε
536 2045 598 2129 γὰρ
629 2047 688 2109 οὐκ
720 2046 912 2128 ἐπιθυμοῦσι
939 2031 1117 2120 λανθᾶνειν,
1145 2046 1210 2109 ἀλλ’

90 2157 287 2237 αἰσχύνονται
318 2155 364 2237 μὴ
398 2155 566 2224 δοκοῦντες
602 2152 678 2216 εἰναι
711 2155 855 2236 πονηροί,
887 2155 976 2236 ὑμεῖς
1011 2154 1046 2218 δὲ
1081 2154 1117 2216 τὰ
1154 2154 1213 2235 μὲν

90 2263 179 2326 αὐτοὶ
211 2265 304 2345 ὁρᾶτε
334 2261 371 2324 τὰ
410 2262 439 2324 θ’
465 2263 580 2343 ἑτέρων
616 2261 742 2324 πολλῶν
781 2261 918 2334 ἀκούετε,
956 2260 1011 2326 ubi
1047 2259 1212 2344 ReiskiUS,

90 2389 184 2450 quern
215 2374 346 2434 secutus
377 2373 428 2434 est
450 2368 631 2448 BekkeruS,
662 2367 732 2433 siue
764 2386 863 2433 eausa
891 2370 981 2450 ὑμεῖς
1009 2369 1043 2432 δὲ
1072 2366 1213 2436 mutavit

89 2477 123 2541 in
153 2479 242 2558 ὑμεῖς
271 2500 312 2557 τε,
344 2495 414 2540 euin
445 2475 628 2541 coniunctio
655 2477 780 2540 τε-ὁέ
808 2475 934 2540 omniuo
962 2495 1026 2540 non
1051 2474 1211 2541 inusitata

90 2583 143 2648 sit.
198 2582 290 2664 XIX,
325 2589 365 2647 62
400 2581 528 2648 oodioes
564 2583 678 2664 legunt
713 2584 768 2646 καὶ
804 2584 870 2646 οὔτ’
905 2585 969 2666 ἐγὼ
1003 2584 1212 2666 ἀφῃρημένος

90 2691 268 2753 ἀδικεῖσθαι
297 2691 454 2772 οἰήσομαι,
486 2691 561 2772 ὑμῖν
593 2689 627 2752 δὲ
655 2690 782 2760 πλείους
812 2692 915 2760 οὕτως
944 2693 978 2753 αῖ
1009 2670 1158 2772 ὠφέλειαι
1190 2694 1209 2773 ἢ

91 2799 329 2881 rioppolanus
353 2848 359 2860 .
384 2848 390 2860 .
416 2848 422 2860 .
447 2845 477 2871 .,
501 2797 672 2862 Bekkerus
696 2796 896 2877 Stephanum
921 2802 1052 2862 seoutus
1072 2797 1212 2863 mutavit

92 2905 128 2967 δέ
159 2902 192 2966 in
224 2927 264 2976 τε,
294 2921 398 2983 neque
431 2921 508 2968 vero
540 2905 623 2968 haee
656 2901 794 2967 mutatIo
827 2902 1014 2968 necessaria
1047 2907 1107 2984 est,
1141 2923 1211 2968 oum

91 3010 223 3092 saepius
252 3010 286 3074 δέ
309 3011 507 3092 respondeat
535 3013 606 3075 οὔτε
630 3008 685 3095 (ol.
710 3010 905 3094 Hartung,
929 3010 1037 3076 Lehre
1061 3030 1124 3077 von
1148 3011 1211 3076 den
1303 3066 1313 3080 .

91 3117 263 3184 Partikeln
287 3117 345 3182 der
368 3117 490 3200 grieoh.
515 3117 659 3200 Spraohe
682 3118 708 3204 I,
733 3137 808 3202 pag.
836 3116 923 3204 197).

179 3251 299 3290 τε-τε
329 3225 565 3308 coniunguntur
595 3226 646 3291 his
675 3226 770 3292 loeis:
800 3226 877 3310 XII,
903 3233 955 3309 61,
982 3232 1037 3311 64;
1061 3226 1155 3310 ΧΠΙ,
1180 3233 1210 3310 8,

93 3339 149 3414 91;
180 3332 273 3413 ΧΙΧ,
307 3337 362 3414 18;
393 3332 519 3414 XXXI,
547 3338 597 3397 19.
623 3370 663 3378 -
687 3332 780 3414 XIX,
808 3338 846 3398 13
872 3338 907 3398 et
932 3340 971 3399 17
1000 3338 1132 3416 praesto
1161 3338 1213 3399 est

92 3439 275 3505 coniunctio
305 3464 337 3502 τε
346 3476 382 3484 --
394 3464 525 3504 τε-τε.
578 3440 650 3505 Non
681 3439 786 3520 decipi
817 3440 979 3524 debemus,
1011 3441 1096 3522 quod
1118 3441 1211 3525 XIII,

94 3550 133 3610 91
166 3545 252 3609 inter
281 3569 402 3609 τε-τε
430 3545 657 3627 interpositum
689 3549 740 3611 est
769 3547 831 3620 καί,
862 3547 946 3627 quod
976 3567 1040 3612 non
1071 3546 1213 3613 refertur

93 3652 136 3717 ad
175 3678 215 3727 τε,
253 3652 310 3718 sed
351 3651 453 3733 priori
494 3654 636 3718 membro
679 3652 802 3733 aliquid
839 3653 994 3719 adnectit.
1053 3655 1129 3737 XH,
1170 3662 1212 3722 99

92 3758 248 3841 seriptum
284 3759 431 3825 videmus
468 3761 558 3843 ὅμως
596 3762 631 3824 δὲ
667 3769 723 3844 τῆς
759 3763 838 3844 ε’μης
872 3762 1055 3844 προθυμίας
1088 3763 1211 3846 (οὐδὲν)
1290 3814 1293 3818 .

57 3916 59 3920 1
93 3867 276 3931 ἐλλέλειπται
299 3867 380 3948 ὑπὲρ
404 3873 467 3930 τῶν
491 3870 596 3950 ἱερῶν,
620 3871 641 3930 ἃ
665 3866 751 3931 οὗτοι
777 3868 815 3930 τὰ
838 3869 899 3950 μέν
927 3869 1092 3940 ἀπέδοντο,
1114 3868 1152 3931 τὰ
1177 3870 1211 3933 δὲ

94 3974 235 4044 εἰσιόντες
264 3974 412 4056 ε’μίαινον,
443 3975 523 4055 ὑπέρ
552 3998 584 4037 τε
615 3982 670 4056 τῆς
699 3974 831 4048 πόλεως,
860 3977 900 4058 ἣν
929 3975 1049 4058 μικρὰν
1077 3977 1212 4050 ἐποίουν,

93 4082 173 4163 ὑπέρ
195 4106 227 4145 τε
250 4087 314 4145 τῶν
338 4081 491 4163 νεωρίων,
523 4084 543 4144 ἃ
567 4082 727 4155 καθεῖλον,
752 4082 806 4144 καὶ
828 4082 908 4165 ὑπὲρ
936 4090 1001 4147 τῶν
1027 4085 1213 4148 τεθνεώτων

94 4188 171 4251 mi:
205 4205 275 4252 euin
313 4187 456 4268 Sauppio
493 4187 602 4253 malim
641 4187 784 4254 scribere
824 4191 905 4273 ὑπέρ
941 4215 972 4254 τε
1007 4197 1071 4254 τῶν
1106 4193 1211 4274 ἱερῶν.

94 4291 275 4375 Singularis
304 4293 358 4358 hio
387 4294 476 4359 loeus
506 4298 557 4359 est
587 4312 627 4358 ea
656 4315 702 4379 re,
737 4297 821 4385 quod
854 4300 1003 4384 quartum
1035 4299 1212 4368 membrum

95 4396 258 4486 particula
280 4399 337 4463 καί
359 4403 410 4464 est
433 4398 589 4472 additum.
