2932 5032
1214 449 1262 519 29

145 657 272 725 codices
297 656 376 723 ekl
402 657 563 723 scribunt:
588 659 758 741 φθέγγεται
780 656 814 721 τὸ
839 657 954 740 θηρίον
975 663 1069 721 ταῦτα
1096 659 1266 740 προοίμιόν

144 792 176 830 τε
206 766 360 848 τεθνηκός
388 791 414 828 τι
445 767 498 828 καὶ
529 766 687 829 σκοτεινὸν
720 766 816 845 δειλίᾳ
843 815 848 827 .
875 815 881 829 .
908 815 914 828 .
942 815 970 844 .,
1003 764 1139 828 eandem
1172 765 1265 829 collo·

146 871 307 937 (tationem
332 873 400 937 cod.
426 891 441 936 s
465 873 603 952 praebet
626 897 756 955 πραοιμ.
780 897 811 934 τε
831 896 958 934 σκοτειν.
978 872 1033 933 καὶ
1050 872 1144 945 ceria,
1164 870 1266 936 ceteri

144 978 221 1044 libri
244 992 301 1044 aut
323 1005 355 1042 τε
385 978 538 1043 omittunt
563 983 620 1043 aut
650 977 792 1044 iniusto
817 997 873 1043 suo
904 977 973 1042 loco
998 982 1130 1058 ponunt.
1155 978 1197 1059 11,
1223 984 1263 1041 87

146 1085 282 1168 legimus
315 1088 418 1168 ἐξώλη
447 1088 467 1147 τ’
486 1085 581 1149 αὐτὸν
609 1085 686 1149 εἶναι
714 1087 894 1167 ἐπαρᾶσθαι
921 1085 974 1147 καὶ
1001 1085 1058 1167 τὴν
1088 1087 1189 1148 αἰκίαν
1211 1085 1266 1167 τὴν

147 1195 252 1266 αὐτοῦ,
283 1200 347 1264 τοῖς
378 1194 412 1256 δὲ
446 1195 603 1263 δικασταῖς
633 1193 784 1274 εὔχεσθαι
812 1192 913 1254 πολλὰ
943 1192 997 1254 καὶ
1030 1191 1139 1272 ἀγαθὰ
1172 1192 1265 1268 εἷναι,·

145 1299 257 1379 Neque
276 1319 353 1366 vero
377 1299 430 1363 hic
453 1299 542 1365 locus
561 1298 674 1363 melius
699 1298 840 1363 traditus
865 1302 916 1362 est
940 1318 1034 1377 quam
1059 1317 1152 1378 quem
1172 1299 1264 1363 modo

146 1405 253 1489 attuli,
278 1427 353 1472 narn
377 1406 455 1471 ekl
469 1407 485 1471 f
496 1426 511 1471 s
534 1405 727 1488 particulam
753 1405 915 1470 omittunt.

234 1620 433 1686 Rarissimus
465 1620 648 1701 particulae
680 1645 712 1683 τε
744 1639 821 1684 1313
854 1624 904 1684 est
940 1619 1026 1700 apud
1057 1618 1264 1684 Dinarchum.

145 1728 255 1807 Atque
278 1727 415 1808 primum
439 1727 567 1808 quidem
591 1729 670 1790 ὥστε
694 1726 859 1793 invenitur
882 1726 916 1791 in
940 1731 1021 1790 orat.
1046 1726 1062 1790 I
1085 1726 1208 1808 novies,
1233 1728 1267 1792 in

146 1838 230 1899 orat.
259 1834 432 1914 11301103,
463 1853 528 1898 uon
557 1837 667 1899 exstat
697 1831 729 1897 in
759 1837 842 1897 oret.
867 1833 926 1897 III.
973 1832 1114 1897 Vocibus
1145 1835 1266 1896 οἷόντε

146 1941 231 2014 εἶναι,
256 1943 302 2023 ἐφ’
320 1940 389 2023 ᾧτε,
413 1944 466 2004 ἅτε
488 1941 672 2006 Dinarchus
696 1958 758 2004 non
784 1939 901 2023 utitur;
926 1959 1009 2020 quae
1034 1959 1105 2004 cum
1128 1940 1178 2005 ita
1201 1940 1268 2005 sint

146 2047 293 2128 recipere
317 2067 380 2112 101
412 2067 581 2128 possumus
606 2047 823 2113 coniecturam
849 2046 1073 2112 Turicensium
1097 2046 1266 2129 editorum,

148 2155 201 2234 qui
231 2155 256 2227 Ι,
282 2161 323 2220 89
360 2155 556 2238 (τετρακόσια
590 2157 650 2237 γὰρ
680 2156 815 2218 τάλαντά
848 2157 909 2218 ἔστι
938 2156 990 2217 καὶ
1021 2157 1173 2237 ἑξήκοντα
1203 2157 1266 2238 ἤδη

146 2264 315 2344 εὑρημένα,
348 2261 396 2326 ὧν
430 2264 536 2326 οἴεσθε
572 2263 628 2344 τὴν
677 2263 775 2325 αἰτίαν
815 2262 946 2325 ταυταισὶ
987 2261 1163 2344 ἀναθεῖναι)
1208 2281 1266 2342 pro

148 2370 252 2433 οἴεσθε
288 2368 460 2451 legendum
499 2388 571 2434 esse
608 2370 677 2432 οἷόν
711 2369 736 2430 τ’
756 2372 839 2432 ἔσται
876 2373 1003 2450 putant.
1071 2369 1158 2433 Malo
1196 2388 1267 2433 cum

147 2474 281 2540 Reishio
307 2476 448 2540 scribere
473 2477 577 2539 οἴεσθε
602 2477 674 2539 δεῖν.

235 2583 282 2647 Ut
299 2582 470 2665 Lycurgus
494 2581 544 2646 ita
562 2581 746 2646 Dinarchus
769 2601 874 2662 neque
897 2582 1093 2663 particulam
1115 2608 1146 2645 τε
1167 2583 1267 2647 semel

148 2689 286 2771 positam
311 2710 415 2770 neque
435 2689 690 2755 coniunctionem
714 2715 835 2753 τε-τε
860 2689 1004 2754 adhibet.
1046 2690 1158 2769 Neque
1183 2688 1267 2754 enim

150 2797 293 2862 codicum
318 2800 513 2879 scripturam
532 2797 574 2879 ΙΙ,
597 2804 637 2862 23
657 2797 738 2878 πρός
756 2799 778 2858 τ’
796 2796 891 2859 αὐτὸν
910 2796 1044 2861 tolerari
1063 2815 1159 2877 posse
1175 2816 1267 2861 nemo

149 2923 213 2969 non
247 2904 426 2987 intellegit3
465 2905 534 2970 sine
569 2902 664 2969 dnbio
697 2902 824 2968 Reishii
857 2902 1041 2967 emendatio
1073 2905 1268 2985 προστάττον

148 3016 240 3076 recta
263 3016 323 3077 est.

238 3119 346 3198 Atque
383 3119 483 3184 etiam
520 3119 754 3200 particularum
791 3116 973 3183 coniunctio
1009 3118 1156 3179 τε-καί
1191 3136 1266 3183 raro

150 3231 282 3306 praesto
307 3233 371 3291 est:
396 3227 606 3291 inveniuntur
629 3230 783 3305 quattuor
807 3230 933 3289 tantum
959 3223 1108 3304 exempla
1132 3223 1165 3287 in
1185 3229 1266 3288 orat.

149 3331 175 3414 I,
209 3352 279 3397 cum
312 3332 345 3396 11
379 3338 460 3396 orat.
494 3333 528 3396 Il
560 3337 594 3398 et
625 3332 676 3396 HI
708 3331 871 3412 particula
900 3356 930 3393 τε
963 3329 1089 3394 omnino
1120 3348 1184 3393 101
1215 3330 1268 3394 ad-

150 3438 311 3505 hiheatur.
364 3438 444 3504 Loci
475 3438 508 3502 hi
538 3445 627 3503 sunt:
658 3439 684 3519 Ι,
715 3444 743 3518 6,
776 3443 825 3519 12,
855 3443 907 3518 82,
938 3442 978 3500 86
1009 3434 1084 3519 (om.
1114 3437 1183 3501 eorl.
1213 3436 1267 3523 N).

151 3545 243 3626 Quod
280 3546 402 3611 attinet
434 3547 476 3611 ad
516 3545 770 3625 collocationem,
803 3543 939 3626 legimus
975 3550 1013 3609 12
1047 3545 1119 3625 περί
1150 3569 1182 3606 τε
1213 3551 1268 3626 τῆς

149 3655 268 3737 βουλῆς
290 3656 489 3737 βλασφημῶν
519 3656 572 3717 καὶ
602 3655 672 3736 περὶ
702 3656 816 3717 ἑαυτοῦ
849 3653 961 3732 λέγων,
994 3657 1035 3715 82
1068 3652 1138 3732 περὶ
1170 3653 1267 3713 αὑτοῦ

149 3785 181 3823 τε
204 3762 256 3823 καὶ
279 3763 383 3842 ὑμῶν.

239 3865 395 3930 Formula
418 3867 523 3936 ἄλλως
546 3891 577 3928 τε
600 3870 656 3929 καί
677 3866 861 3931 Dinarchus
884 3883 960 3929 usus
984 3882 1047 3928 non
1071 3868 1132 3926 est.

240 4082 420 4163 Pergamus
452 4079 493 4143 ad
524 4080 786 4144 Demosthenem.
837 4079 946 4157 Atque
975 4076 1110 4159 primum
1142 4077 1269 4156 quidem

152 4190 233 4251 ὥστε
264 4188 350 4268 apud
381 4206 452 4252 eum
481 4186 662 4253 invenimus
693 4187 884 4267 plusquam
914 4183 1101 4249 trecenties.
1149 4184 1269 4247 οἷόντε

151 4296 227 4359 εἶναι
251 4300 362 4359 exstat
384 4296 410 4376 1,
437 4301 492 4377 26,
517 4293 559 4375 11,
587 4300 640 4375 Π;
666 4293 721 4375 IV,
749 4299 803 4374 373
829 4291 917 4372 lllll,
945 4297 983 4354 75
1011 4288 1212 4373 (1113);Χ111,
1238 4296 1267 4370 2,

155 4408 204 4484 10,
235 4409 290 4484 25,
321 4402 394 4483 XV,
428 4408 480 4485 153
513 4401 600 4482 XVI,
633 4406 672 4464 18
702 4399 796 4485 (1113),
826 4398 933 4480 XVII,
964 4405 997 4480 63
1029 4397 1121 4478 XIX,
1154 4403 1183 4478 6,
1217 4403 1267 4478 78,
