2932 5032
1302 437 1321 502 7

205 636 305 699 πάντα
328 635 365 699 τὰ
390 636 499 718 ἀγαθὰ
520 630 600 720 ἔχειν
622 638 809 720 στερόμενος
832 647 886 723 τῆς
908 641 1058 722 πατρίδος
1081 643 1140 704 οὐκ
1163 645 1202 705 ἀν
1222 644 1324 716 δεξαί-

204 768 278 826 μην,
309 751 365 827 τῆς
393 745 520 814 πόλεως
550 745 634 809 οὕτω
666 745 864 830 διακειμένης
893 749 1003 830 ὥσπερ
1035 749 1123 812 αὐτοὶ
1152 752 1183 812 οἳ
1212 750 1326 833 ἐχδροί

205 851 339 931 λέγουσι,
362 851 445 914 πολὺ
470 851 499 915 δ’
516 854 555 915 ἂν
578 853 675 936 αὐτῆς
696 853 818 934 μᾶλλον
840 854 903 936 ἐγὼ
926 856 1055 938 πολίτης
1078 857 1228 939 δεξαίμην
1251 857 1329 920 εἶναι

106 963 127 1020 ’,
206 962 233 1041 ή
250 960 368 1040 ἐτέρων
391 943 517 1022 πόλεών
540 960 605 1024 κτλ.
642 958 797 1043 Legimus
819 960 873 1026 hie
897 960 991 1026 initio
1016 962 1177 1028 enuntiati
1199 988 1231 1027 τε
1254 965 1325 1046 γάρ,

206 1064 390 1146 particulae
421 1088 453 1129 τε
487 1084 551 1130 non
582 1067 760 1148 respondet
796 1068 903 1133 altera
940 1068 1113 1150 particula.
1169 1070 1328 1136 Sluiterus

207 1172 345 1238 coniecit
382 1172 584 1245 scribendum
624 1193 695 1239 esse
732 1182 788 1258 τῆς
828 1200 861 1239 τε
900 1177 1033 1249 πόλεως,
1072 1177 1220 1257 equidem
1256 1197 1327 1243 curn
1357 1202 1359 1208 ·

207 1279 365 1345 Sohillero
404 1284 438 1345 et
475 1280 603 1345 Blassio
640 1281 823 1362 putaverim
869 1282 1042 1364 legendum
1089 1302 1160 1349 esse
1200 1293 1256 1368 τῆς
1293 1286 1327 1348 δὲ

205 1387 331 1456 πόλεως
355 1436 361 1450 .
386 1437 392 1449 .
419 1438 425 1450 .
451 1386 561 1450 ,πολὺ
588 1389 628 1451 ἂν
655 1437 660 1450 .
688 1438 694 1450 .
720 1438 726 1450 .
751 1436 774 1462 .,
799 1387 848 1453 ita
878 1393 915 1454 ut
938 1389 1121 1470 particulae
1144 1415 1176 1454 τε
1198 1410 1329 1473 respon-

207 1492 286 1558 deat
309 1495 352 1556 δέ.

295 1603 397 1668 Multo
431 1602 572 1684 saepius,
609 1622 704 1684 quam
740 1622 797 1669 eas
832 1605 1082 1687 coniunctiones,
1118 1625 1198 1687 quas
1235 1608 1328 1674 modo

208 1708 314 1791 attuli,
346 1709 527 1786 invenimus
557 1735 693 1776 τε-τε.
747 1698 826 1776 Loci
858 1711 893 1776 hi
923 1717 1012 1778 sunt:
1043 1713 1069 1794 I,
1102 1718 1154 1795 24,
1186 1719 1238 1797 80,
1271 1718 1329 1798 823

168 1874 171 1879 τ
208 1816 264 1897 ΙΠ,
291 1823 309 1882 2
335 1815 425 1901 (AB,
451 1817 553 1882 ceteri
577 1816 705 1882 codices
727 1817 901 1903 τε-και),
929 1817 1151 1904 12,13(bis),
1178 1825 1220 1885 34
1239 1819 1328 1907 (his).

168 1944 171 1950 ·
207 1923 267 1988 His
290 1923 371 1989 locis
394 1923 565 2006 particulis
587 1949 712 1988 ιε-τε
736 1924 974 2007 coniunguntur
998 1925 1125 2009 singula
1148 1928 1251 1993 verba
1271 1932 1329 1993 aut

208 2030 380 2095 enuntiata
409 2033 553 2096 membra
582 2031 641 2112 ita,
672 2035 709 2097 ut
739 2031 843 2098 artius
871 2031 958 2098 iuter
988 2051 1023 2098 se
1054 2035 1262 2116 cohaereant,
1293 2039 1330 2100 ut

207 2137 233 2217 I,
268 2142 309 2200 82
345 2138 465 2219 βουλήν
495 2161 527 2200 τε
558 2137 807 2219 ἀπεκληρώσατε
845 2139 1026 2219 νομοθέτας
1063 2162 1095 2202 τε
1125 2140 1254 2203 εἵλεσθε.
1287 2177 1327 2186 -

208 2242 314 2308 Aliter
337 2263 390 2309 res
414 2262 449 2309 se
477 2245 578 2324 habet
604 2243 663 2318 HI,
693 2249 711 2309 7
743 2295 749 2308 .
776 2296 782 2308 .
810 2296 816 2308 .
847 2246 929 2309 ὥστε
958 2250 1085 2327 πρῶτον
1114 2247 1173 2328 μὲν
1202 2248 1236 2310 ἐν
1262 2248 1331 2310 τού-

103 2365 105 2369 ’
206 2375 271 2420 τοις
298 2357 363 2421 τοῖς
390 2353 485 2414 ἐτεσιν
511 2353 636 2434 εἰρήνην
663 2350 813 2434 λαβόντες
841 2352 1058 2434 ἀνηνέγκαμεν
1086 2352 1167 2436 χίλια
1195 2354 1330 2416 τάλαντα

208 2460 251 2528 εἰς
272 2458 328 2540 τήν
351 2458 533 2539 ἀκρόπολιν,
555 2458 609 2522 καὶ
637 2458 728 2540 νόμῳ
756 2458 994 2542 κατεκλῄσαμεν
1022 2460 1162 2542 ἐξαίρετα
1186 2459 1332 2543 εἶναιτῷ

210 2566 315 2648 δήμῳ,
339 2571 431 2628 τοῦτο
459 2565 494 2628 δὲ
520 2566 655 2647 τριήρεις
682 2565 779 2635 ἀλλος
806 2564 921 2628 ἑκατόν
949 2567 1250 2648 ἐναυπηγησάμεθα,
1274 2568 1328 2630 καὶ

208 2672 322 2741 ταύτας
349 2671 527 2752 ἐξαιρέτους
554 2671 784 2753 ἐψηφισάμεθα
812 2670 899 2744 εἶναι,
923 2667 1120 2746 νεωσοίκους
1146 2696 1179 2735 τε
1202 2672 1328 2754 ᾠκοδο-

208 2777 393 2859 μησάμεθα,
427 2776 546 2859 χιλίους
581 2776 703 2839 τεκαὶ
742 2777 922 2846 διακοσίους
953 2777 1075 2850 ἱππέας,
1113 2778 1166 2839 καὶ
1198 2778 1332 2850 τοξότας

209 2885 379 2953 τοσούτους
407 2884 532 2966 ἐτέρους
558 2884 798 2966 κατεστήσαμεν,
821 2882 874 2946 καὶ
901 2882 936 2946 τὸ
965 2888 1064 2965 τεῖχος
1086 2883 1121 2946 τδ
1144 2883 1273 2965 μακρόν
1295 2885 1331 2949 τὸ

210 2991 311 3054 νότιον
334 2990 501 3073 ἐτειχίσθη.
544 2987 613 3071 Quo
637 2989 707 3054 loco
730 2989 876 3053 membra
895 2987 1058 3070 particula
1079 3014 1111 3053 τε
1135 2989 1249 3054 addita
1267 3008 1331 3054 non

211 3096 314 3163 artius
342 3096 429 3162 inter
458 3114 493 3161 se
522 3097 708 3178 cohaerent,
734 3115 828 3176 quam
853 3100 974 3178 cetera,
999 3114 1083 3176 quae
1113 3095 1331 3169 adnectuntur

210 3205 271 3277 nai,
303 3203 352 3268 ita
388 3207 425 3268 ut
456 3204 517 3268 hoo
553 3202 735 3284 exemplum
768 3201 975 3267 referendum
1014 3201 1059 3268 sit
1094 3201 1129 3267 in
1165 3221 1330 3268 numerum

211 3329 321 3376 eorum
356 3310 509 3391 locorum,
547 3309 663 3389 quihus
699 3333 731 3372 τε
767 3312 942 3390 usurpetur
976 3308 1018 3373 ad
1052 3307 1223 3374 enuntiata
1260 3328 1331 3374 con·

211 3417 385 3499 iungenda.
431 3415 490 3497 III,
525 3420 564 3480 to
594 3414 774 3482 invenimus
807 3413 1063 3480 coniunctionem
1091 3440 1267 3479 τε-τε-
1280 3416 1330 3481 δέ·

212 3526 248 3586 οἵ
277 3547 309 3586 τε
344 3523 508 3604 τριάκοντα
544 3524 736 3605 κατέστησαν
775 3521 884 3584 πολλοί
917 3545 949 3584 τε
980 3521 1162 3604 Ἀθηναίων
1199 3523 1331 3586 κώνειον

210 3632 332 3701 πίοντες
359 3631 530 3703 ἀπέθανον,
555 3633 587 3694 οἱ
614 3630 649 3694 δὲ
672 3631 842 3712 φεύγοντες
857 3631 1003 3713 ᾤχοντο.
1029 3666 1069 3674 -
1093 3628 1120 3710 I,
1148 3629 1332 3711 108861111-

212 3741 279 3803 tum
297 3737 459 3804 videmus:
482 3738 637 3820 τοιγάρτοι
661 3737 712 3800 διὰ
735 3744 830 3800 ταῦτα
853 3736 909 3820 τήν
926 3736 1017 3800 πόλιν
1036 3737 1207 3800 ἀνάστατον
1224 3762 1328 3819 παρα-

211 3845 361 3929 λαβόντες
384 3846 452 3927 ῑερά
471 3870 502 3907 τε
529 3846 792 3926 κατακεκαυμένα
814 3845 898 3927 τείχη
926 3868 958 3906 τε
984 3843 1039 3906 καί
1066 3844 1167 3913 οἰκίας
1189 3867 1328 3906 καταπε-

211 3953 382 4025 πτωκυίας,
418 3952 572 4034 ἀφορμήν
607 3977 640 4014 τε
676 3952 829 4033 οὐδεμίαν
870 3952 1022 4033 ἔχοντες.
1048 4000 1055 4015 .
1081 4000 1087 4012 .
1113 3978 1135 4014 .:
1171 3948 1225 4013 hio
1266 3968 1329 4014 non

212 4059 449 4142 coniunguntur
470 4082 696 4131 τε-τε-τε,
721 4057 778 4122 sed
802 4057 871 4139 ἱερά
898 4080 931 4120 τε
957 4058 1221 4139 κατακεκαυμένα
1244 4056 1327 4139 τείχη

211 4191 242 4230 τε
269 4165 323 4230 καλ
351 4167 451 4237 οἰκίας
478 4167 760 4236 καταπεπτωκυίας
784 4169 856 4230 arie
879 4163 966 4230 inter
990 4182 1025 4229 se
1049 4163 1226 4229 cohaerent
1249 4162 1330 4249 (qui-

214 4274 272 4338 hus
303 4273 470 4339 vocabulis
502 4271 708 4354 explicantur
746 4271 977 4337 antecedentia
1010 4272 1112 4337 verba
1145 4270 1202 4353 τὴν
1238 4270 1329 4333 πόλιν

212 4381 387 4446 ἀνάστατον
417 4380 682 4470 παραλαβόντες),
710 4398 780 4449 oum
812 4378 946 4448 tertium
977 4402 1009 4441 τε
1040 4377 1143 4446 verba
1173 4377 1329 4463 ἀφορμήν
