2932 5032
258 549 352 630 XIII,
384 554 424 614 55
457 548 578 616 codiciS
604 550 639 615 X
665 548 762 614 lectio
795 550 967 632 (εὑρίσκων
996 554 1042 627 τε)
1071 549 1161 615 nullo
1199 550 1298 616 modo

169 653 249 720 ferri
278 658 398 737 potest,
428 655 582 722 Reiskius
611 659 702 720 recte
732 655 918 722 emendavit
945 657 1149 738 septenorum.
1198 657 1296 740 XIII,

170 768 210 827 61
241 761 279 827 σὺ
307 763 336 826 δ’
354 763 447 827 οὐδὲν
472 814 477 826 .
502 814 508 826 .
533 815 539 826 .
565 814 571 826 .
605 763 767 836 συνειδώς,
800 763 939 834 πεισθεὶς
971 763 1006 826 δὲ
1037 763 1084 834 ὡς
1111 765 1149 827 σύ
1183 789 1229 847 γε,
1256 767 1297 829 ἂν

169 871 281 934 ἐκεῖνοι
314 871 501 944 ἀπόλωνται,
535 871 680 953 μεθέξεις
713 877 769 953 τῆς
795 895 827 933 τε
861 871 1014 941 πολιτείας
1045 872 1294 956 καθισταμενης,

169 977 352 1059 ἀπέγραφες
380 976 435 1040 καὶ
466 978 648 1047 ἀπέκτεινας
671 976 851 1059 Ἀθηναίων
880 976 1017 1048 πολλοὺς
1045 977 1099 1041 καί
1130 978 1293 1059 ἀγαθούςε

169 1082 231 1147 hoc
254 1082 324 1148 loco
348 1107 380 1145 τε
402 1081 551 1165 intellegi
574 1102 638 1148 non
661 1086 780 1164 potest,
800 1082 1015 1148 Marklandns
1037 1086 1127 1148 recte
1147 1084 1293 1151 mutavit

168 1213 200 1252 τε
222 1189 257 1255 iu
278 1191 352 1253 τότε.
393 1189 486 1272 XIII,
509 1197 549 1256 71
569 1189 662 1255 initio
687 1189 849 1255 enuntiati
870 1189 1028 1255 traditum
1052 1195 1102 1256 est
1120 1191 1293 1273 Ἀγόρατός

168 1321 200 1359 τε
225 1297 329 1360 οὑτοσὶ
359 1299 431 1362 οὔτε
458 1298 648 1380 παρεκλήθη
672 1299 742 1361 οὔτε
766 1347 771 1359 .
796 1348 802 1359 .
828 1347 833 1360 .
858 1348 864 1360 .
916 1296 1037 1363 Orator
1059 1297 1185 1363 refutat
1207 1299 1293 1381 Ago-

169 1407 286 1485 ratum,
312 1403 365 1484 qni
390 1404 520 1469 dixerat
544 1422 580 1468 se
598 1402 818 1486 Phryniollum
840 1403 1056 1487 interfecisse,
1082 1407 1291 1486 quamobrem

169 1513 325 1594 apopulo
346 1511 482 1578 civitate
502 1513 642 1578 donatus
661 1518 758 1578 esset.
796 1513 1014 1596 Phrynichum
1035 1513 1118 1578 enim
1137 1519 1290 1580 necatum

169 1638 241 1684 esse
273 1639 293 1684 a
321 1620 524 1702 Thrasybulo
555 1625 590 1684 et
620 1619 826 1701 Apollodoro.
881 1621 961 1686 Tum
993 1627 1146 1687 seeuntm·
1176 1624 1291 1704 verba,

168 1745 251 1806 quae
285 1726 392 1792 attuli.
447 1728 567 1793 Elucet
597 1729 659 1792 hoc
690 1729 759 1801 loco
797 1727 977 1810 Agoratum
1010 1729 1215 1810 Thrasybulo
1257 1736 1290 1795 et

169 1832 364 1914 Apollodoro
396 1834 523 1917 opponi,
552 1834 602 1899 ita
629 1839 752 1900 utnon
777 1839 1001 1915 exspectemus
1029 1833 1225 1916 particulam
1249 1861 1290 1917 τε,

169 1937 227 2004 sed
258 1940 303 2012 δέ,
334 1958 430 2020 quam
460 1940 673 2005 Marklandns
703 1939 860 2005 restituit.
892 1977 934 1986 —
964 1940 1071 2023 XVII,
1101 1947 1135 2023 23
1164 1941 1291 2028 XXVI,

172 2052 211 2112 11
241 2044 326 2131 (cod.
355 2046 417 2133 X),
447 2047 573 2129 XXXI,
603 2053 655 2130 26,
686 2053 726 2114 32
756 2045 804 2131 (γε
831 2047 1028 2134 Stephanus)
1053 2048 1237 2130 particulae
1260 2074 1292 2114 τε

169 2154 259 2219 Ιοιιιε
282 2172 346 2218 non
369 2159 429 2219 est.
452 2193 492 2201 —
511 2155 651 2237 XXVII,
679 2160 718 2220 13
744 2155 901 2220 traditum
925 2158 990 2220 est:
1011 2155 1090 2219 εἰδὲ
1108 2157 1293 2237 νομίσαντες

171 2261 292 2324 ἀδικεῖν
316 2263 500 2344 αἰτήσονται,
525 2264 622 2346 δῆλον
649 2264 694 2326 ὅτι
720 2269 782 2334 τοῖς
808 2262 973 2327 ἀδικοῦσιν
996 2263 1195 2346 εὐνούστεροί
1216 2265 1293 2328 εἰσιν

169 2373 189 2453 ἢ
221 2372 296 2453 ὑμῖν
325 2377 389 2441 τοῖς
419 2371 651 2454 ἀδικουμένοις,
684 2374 762 2443 ἴσως
796 2373 874 2436 τὀὐ
912 2374 1041 2455 χάριτος
1075 2375 1157 2447 ἄξιοι
1191 2380 1295 2456 τυχεῖν

170 2478 248 2541 ἀλλὰ
272 2480 436 2560 τιμωρίας,
464 2479 584 2543 ὁπόταν
612 2480 702 2561 ὑμεῖς
726 2479 878 2562 δύνησθε.
923 2480 987 2544 Pro
1011 2482 1088 2549 ἴσως
1115 2481 1140 2541 τ’
1166 2480 1237 2544 eod.
1268 2481 1295 2548 O

169 2587 306 2667 praebet
328 2587 382 2650 καὶ
406 2588 491 2658 ἴσως.
532 2586 756 2669 Marklandns
782 2606 916 2667 quocum
941 2587 1111 2652 Bekkcrus
1141 2591 1175 2651 et
1200 2588 1296 2654 Turi-

171 2710 284 2758 censes
308 2692 523 2775 consentiunt,
548 2696 639 2758 recte
661 2692 744 2776 legit
767 2694 856 2757 ὥστε.

257 2798 295 2863 In
333 2798 499 2882 epitaphio
535 2805 573 2864 13
607 2799 762 2881 scriptum
796 2798 955 2866 videmus:
992 2799 1071 2863 ἀλλὰ
1103 2799 1160 2882 τήν
1191 2801 1296 2884 αὐτὴν

168 2904 254 2987 εἶχον
286 2907 417 2987 γνώμην
448 2908 549 2988 ἥνπερ
579 2906 745 2987 πρότερον,
776 2905 900 2986 ἀγαθὸν
929 2905 989 2987 μὲν
1017 2906 1111 2968 οὐδὲν
1139 2906 1202 2986 ἰὸίᾳ
1226 2907 1296 2972 ὑπὸ

168 3018 225 3075 τοῦ
248 3012 367 3093 πατρὸς
390 3013 495 3076 αὐτῶν
521 3013 724 3084 πεπονθότες,
753 3013 891 3081 ἐκείνους
917 3014 942 3074 τ’
960 3013 1021 3074 οὐκ
1049 3012 1165 3081 εἰδότες
1187 3013 1300 3078 ὁποῖοί

167 3144 246 3189 τινες
277 3118 393 3200 ἄνδρες
422 3121 546 3182 ἔσονται
576 3119 764 3201 γενόμενοι·
789 3119 910 3181 δίκαιον
938 3119 972 3182 δὲ
1003 3120 1184 3201 νομίζοντες
1213 3119 1295 3185 εἶναι

168 3227 241 3299 κτλ,
275 3245 336 3306 quo
369 3226 439 3291 loco
471 3251 503 3290 τε
535 3244 598 3290 non
630 3224 835 3291 referendum
867 3231 918 3290 est
951 3228 993 3291 ad
1023 3229 1091 3310 μέν,
1126 3225 1166 3290 ad
1205 3228 1294 3305 quod

170 3334 316 3415 pertinet
349 3334 394 3415 δέ,
430 3334 489 3400 sed
526 3336 569 3400 ad
605 3334 766 3400 enuntiati
799 3337 943 3401 memlua
975 3335 1200 3418 coniungenda
1236 3336 1280 3400 ad

169 3440 309 3506 hibetur.
336 3479 376 3487 —
411 3449 448 3507 17
479 3443 572 3507 initio
602 3442 763 3507 enuntiati
792 3447 902 3506 exstat
931 3445 952 3524 ἤ
980 3468 1012 3506 τε
1041 3444 1101 3524 γὰρ
1126 3443 1208 3524 ἀρχὴ
1233 3451 1292 3508 τοῦ

168 3548 240 3629 βίον
271 3548 388 3620 δικαία,
419 3548 474 3613 ubi
505 3547 687 3630 particulae
715 3571 746 3610 τε
775 3547 864 3611 nulla
893 3547 959 3611 alia
986 3549 1162 3627 respondet
1185 3567 1291 3628 neque

167 3679 199 3718 τε
219 3653 261 3719 ad
281 3654 523 3720 ermntiationes
543 3653 786 3736 coniungendas
804 3653 1023 3719 necessarium
1043 3659 1104 3718 est.
1135 3654 1292 3723 Reiskius

168 3762 309 3829 mutavit
335 3788 367 3825 τε
396 3761 427 3826 in
451 3764 519 3844 μέν.
561 3761 626 3827 Sed
650 3780 843 3842 quamquam
868 3761 1071 3827 concedimus
1096 3762 1291 3845 particulam

168 3896 199 3933 τε
226 3870 279 3936 hic
308 3869 497 3935 inusitatam
529 3889 610 3952 esse,
643 3875 752 3935 tamen
783 3869 869 3953 apud
900 3870 1150 3936 Demosthenem
1181 3869 1290 3952 (XlX,

171 3977 248 4061 159)
279 3976 414 4042 similem
446 3979 550 4042 locum
584 3978 774 4058 irmenimns,
805 3978 854 4043 ita
891 3984 927 4044 nt
956 3980 1040 4044 lianc
1070 3976 1290 4043 coniecturam

168 4082 402 4164 repudiandam
432 4102 504 4149 esse
535 4089 657 4165 putem.
682 4122 722 4131 -
747 4110 868 4149 τε-τε
892 4089 1025 4166 praesto
1050 4088 1101 4148 est
1125 4084 1143 4167 ξ
1169 4090 1220 4148 78.
1247 4122 1288 4131 -

168 4189 350 4272 Singularis
383 4197 434 4256 est
465 4191 658 4274 coniunctio,
692 4211 785 4272 quam
820 4191 957 4274 legimus
990 4190 1022 4255 in
1055 4190 1073 4277 ξ
1107 4198 1163 4258 39:
1202 4197 1289 4255 ποῖοι

169 4299 200 4364 θ’
216 4299 276 4383 οὐχ
300 4300 421 4362 ἱκετεῖαι
446 4299 531 4364 θεῶν
554 4301 697 4382 ἐγένοντο
728 4303 747 4386 ll
776 4301 900 4365 θυσιῶν
924 4299 1124 4386 ἀναμνήσεις,
1148 4300 1234 4371 ἔλεός
1256 4324 1289 4366 τε
