2932 5032
179 371 224 440 16

176 584 268 645 cutes
316 597 387 645 esse
430 579 596 662 Engerum
638 584 673 644 et
710 578 898 647 Hirsehium
934 585 1022 662 pute,
1061 579 1116 660 qui
1157 580 1218 665 IV,
1263 587 1308 650 64

177 686 354 770 (φαίνονται
374 686 403 750 δ’
417 689 513 769 ἡμῶν
531 690 562 751 οί
579 687 734 768 πρόγονοι
752 694 902 752 τοσοῦτον
921 688 1072 751 ἁπάντων
1087 688 1308 771 διενεγκόντες

176 795 260 858 ὥσθ’
287 844 293 857 .
319 844 325 856 .
350 844 356 856 .
382 794 402 876 .)
438 792 640 875 seripserunt
669 818 703 875 φ.
735 794 762 858 ὅ.
793 796 822 876 ἡ.
853 795 883 857 οί
910 818 965 877 πρ.
995 795 1118 858 τούτων
1148 797 1305 861 ἁπάντων

176 901 256 975 δίεν,
281 900 337 964 ἅθ’
364 951 370 964 .
397 951 402 962 .
427 951 433 963 .
459 951 465 964 .

263 1007 465 1073 PartIeulem
492 1032 524 1071 τε
553 1007 653 1072 semel
681 1006 819 1089 positam
848 1006 935 1089 apud
961 1007 1141 1074 Isocratem
1170 1029 1302 1091 quoque

175 1114 366 1198 InvenimuS,
391 1115 449 1181 sed
474 1133 602 1195 semper
625 1115 668 1180 ad
695 1139 727 1178 τε
751 1114 858 1179 altera
882 1114 1045 1197 particula
1068 1114 1212 1181 refertur
1237 1137 1300 1182 uno

173 1221 244 1288 leco
275 1227 411 1305 excepto
441 1220 561 1306 (XVII,
591 1220 659 1307 41),
689 1221 744 1288 ubi
770 1221 804 1286 in
834 1221 904 1286 ced.
934 1221 968 1284 Γ
984 1221 1122 1304 legimus
1148 1224 1235 1305 πρὸς
1264 1226 1298 1288 δὲ

173 1331 294 1400 τούτοις
320 1331 470 1412 εἰσφορᾶς
497 1332 571 1413 ἡμῖν
600 1330 854 1413 προσταχθείσης
877 1330 930 1392 καὶ
954 1331 1071 1411 ἑτέρων
1093 1331 1299 1413 ε’πιγραφέων

174 1437 358 1518 γενομένων
388 1438 452 1518 ἐγὼ
481 1437 623 1500 πλεῖστον
646 1437 809 1518 εἰσήνεγκα
838 1442 903 1499 τῶν
927 1438 1037 1510 ξένων,
1067 1437 1161 1506 αὐτός
1193 1438 1229 1500 e’
1247 1440 1296 1501 αλ-

174 1544 278 1626 ρεάείς
306 1545 436 1625 ἐμαυτῷ
468 1542 529 1625 μὲν
564 1544 732 1625 ἐπέγραψα
761 1542 817 1625 τὴν
846 1544 995 1625 μεγίστην
1023 1544 1183 1625 εἰσφοράν,
1212 1545 1296 1627 ὑπὲρ

172 1649 344 1721 Πασίωνος
369 1651 398 1713 δ’
429 1649 564 1733 ἐδεόμην
588 1700 594 1712 .
618 1699 624 1712 .
651 1699 656 1712 .
682 1699 688 1711 .
717 1657 761 1726 (v.
786 1650 886 1723 ξένων
911 1650 1006 1720 αὐτός
1029 1650 1137 1713 τεκαὶ
1160 1651 1191 1713 οἱ
1214 1652 1296 1733 ἐμοί.

172 1758 226 1821 καὶ
255 1758 320 1841 ἐμ.)
378 1755 521 1822 Fuhrius
552 1755 587 1842 (l.
620 1775 649 1820 a.
681 1775 757 1839 pag.
789 1756 867 1840 359)
899 1754 941 1820 de
970 1756 1032 1820 hee
1060 1756 1131 1821 loeo
1161 1756 1295 1822 dubitet

174 1862 246 1949 (,es
265 1863 348 1929 wird
367 1862 452 1928 wohl
473 1862 573 1928 durch
592 1861 796 1945 Einsetzung
815 1861 905 1927 eines
926 1887 959 1926 τε
978 1882 1018 1928 zu
1041 1863 1150 1929 helsen
1169 1862 1293 1949 sein“):

172 1970 226 2035 ubi
257 1969 353 2036 alteri
381 1995 412 2034 τε
439 1970 530 2036 loeus
557 1967 602 2034 sit
629 1988 692 2034 non
720 1969 886 2052 intellego.
933 1968 1024 2051 Quae
1053 1988 1123 2035 eum
1150 1968 1200 2034 ita
1228 1970 1296 2036 sint

171 2097 234 2142 nen
262 2083 352 2143 reete
375 2077 547 2142 Bekkerus
575 2075 665 2158 fecit,
697 2076 781 2156 quod
805 2075 895 2156 VIII,
927 2081 988 2140 101
1022 2076 1092 2142 eod.
1107 2076 1138 2139 A
1160 2082 1297 2143 secutus

171 2190 236 2249 est:
268 2186 359 2249 ὥστε·
378 2184 458 2248 πολὺ
488 2186 527 2247 ἄν
556 2209 601 2254 τις
631 2184 825 2267 ἀληθέστερα
854 2183 1001 2264 τυγχάνοι
1028 2184 1140 2265 λέγων,
1163 2184 1191 2245 εἰ
1213 2186 1296 2268 φαίη

172 2293 240 2356 τότε
268 2291 324 2375 τὴν
354 2291 457 2374 ἀρχὴν
484 2293 589 2360 αὐτοῖς
619 2291 805 2372 γεγενῆσθαι
838 2295 904 2353 τῶν
934 2296 1126 2372 συμφορῶν,
1157 2290 1207 2352 ὅτε
1237 2290 1296 2374 τὴν

173 2400 276 2482 ἀρχὴν
299 2406 353 2483 τῆς
372 2399 530 2479 θαλάττης
552 2398 811 2479 παρελάμβανον,
831 2398 967 2460 ἕκτῶντό
991 2421 1022 2460 τε
1047 2397 1180 2479 δύναμιν
1199 2398 1297 2462 οὐδὲν

173 2509 287 2589 ὁμοίαν
313 2513 349 2589 τῇ
377 2506 531 2586 πρότερον
557 2506 755 2586 ὑπαρχούσῃ.
805 2502 873 2566 ΓΕ
896 2506 1055 2585 praebent
1083 2503 1143 2585 γάρ
1166 2521 1225 2583 pro
1249 2529 1295 2570 τε.

174 2651 214 2659 -
238 2612 311 2694 XV,
343 2616 406 2678 124
428 2611 451 2673 Ι
452 2611 527 2674 ἘΔ
556 2611 693 2675 tradunt
719 2613 750 2673 εἴ
773 2635 813 2682 τε,
842 2610 926 2691 qued
954 2610 1125 2675 Bekkerus
1154 2610 1293 2694 recepit,

176 2719 206 2785 Θ
228 2722 257 2783 εἰ
278 2720 321 2794 δέ,
345 2719 430 2800 quod
454 2717 648 2784 Turieenses
672 2721 706 2782 et
732 2715 879 2783 Blassius
902 2717 1141 2797 praetulerunt:
1166 2716 1294 2783 Eduar-

173 2828 233 2893 dus
260 2826 490 2908 SchwerIZ,
519 2829 714 2908 praeceptor
742 2822 980 2905 dilectissimus,
1010 2823 1058 2886 εἴτ’
1076 2825 1105 2887 εἰ
1130 2824 1190 2888 hee
1219 2822 1292 2888 loeo

171 2935 344 3018 legendum
386 2952 457 2998 esse
499 2931 627 3011 conicit,
671 2948 754 3011 quae
794 2929 892 2995 lecti0
935 2929 1054 3011 optime
1102 2949 1137 2994 se
1178 2929 1291 2995 habet.

172 3041 293 3128 (XVII,
331 3047 374 3107 40
412 3041 481 3107 eod.
519 3040 552 3102 Γ
582 3040 721 3120 praebet
761 3036 815 3100 καὶ
855 3039 951 3100 ταῦτά
987 3038 1035 3117 θ’,
1073 3034 1175 3100 ceteri
1213 3035 1292 3102 libri

171 3148 326 3213 emittunt
348 3173 388 3221 τε,
414 3147 498 3227 qued
521 3145 608 3210 nulle
637 3144 730 3208 mede
754 3142 833 3209 ferri
856 3143 990 3230 potest).
1016 3181 1056 3190 -
1081 3141 1193 3208 Sexies
1216 3161 1292 3222 par·

170 3254 291 3322 ticulae
320 3280 351 3318 τε
379 3253 555 3335 respondet
583 3253 631 3316 ὁὲε
661 3250 738 3332 XII,
763 3256 827 3316 212
855 3252 890 3313 ἔν
917 3275 949 3314 τε
976 3257 1039 3322 τοῖς
1066 3250 1169 3314 παισὶν
1196 3249 1289 3313 εὐδο-

169 3370 271 3446 κιμεῖν
289 3362 410 3444 μᾶλλον
432 3360 627 3430 τῶνᾶλλων,
647 3356 773 3422 ἕπετόάν
793 3358 821 3420 δ’
834 3360 877 3428 εἰς
896 3358 1017 3439 ἄνδρας
1036 3357 1289 3420 συντελῶσιν...

170 3470 341 3536 Bekkerus
365 3469 502 3533 adnotet
528 3466 737 3553 ,n1eli1nze“,
762 3464 846 3543 qued
870 3464 1017 3530 Blassius
1040 3463 1174 3544 recepit.
1222 3461 1290 3528 Sed

170 3574 356 3640 defenditur
378 3574 431 3640 hie
454 3575 543 3638 loeus
567 3573 689 3637 duobus
714 3570 802 3635 aliis:
826 3570 885 3653 III,
912 3577 953 3637 32
976 3571 1056 3653 πρός
1076 3595 1108 3633 τε
1131 3570 1191 3651 γὰρ
1214 3568 1289 3639 τοὺς

168 3683 323 3754 πολίτας.
348 3733 354 3744 .
380 3683 554 3764 ..ἀβάτου
580 3680 614 3742 δὲ
638 3686 692 3762 τῆς
711 3678 861 3748 Ἑλλάδος
886 3730 892 3743 .
914 3729 920 3741 .
941 3729 947 3742 .
970 3728 976 3741 .
1000 3679 1041 3740 ἔτι
1066 3677 1101 3740 δὲ
1124 3676 1177 3740 καὶ
1197 3726 1203 3738 .
1224 3725 1229 3737 .
1251 3725 1287 3740 ..

168 3789 310 3856 Fuerius
334 3788 424 3871 (pag.
450 3787 528 3873 347)
556 3785 728 3869 legendum
759 3803 831 3850 esse
862 3784 981 3851 conicit
1003 3785 1125 3867 ἀβάτου
1150 3809 1189 3855 τε,
1214 3801 1287 3847 eum

169 3898 256 3981 apud
279 3897 457 3961 Isocratem
486 3893 665 3977 particulas
692 3918 723 3956 τε
748 3893 807 3975 γάρ
835 3910 962 3974 semper
985 3896 1141 3971 sequatur
1164 3915 1203 3969 τε,
1227 3889 1287 3954 sed

168 4007 279 4069 obstat
301 4002 375 4068 huie
399 4001 605 4066 coniecturae
624 4003 665 4064 ἔτι
690 4002 734 4062 eff.
777 3999 850 4065 Huc
873 3998 1001 4064 aceedit
1023 3996 1108 4076 qued
1128 3996 1200 4075 XV,
1222 4001 1286 4061 232

168 4111 304 4193 legimus
328 4109 446 4175 ε’·κεῒνός
468 4133 500 4170 τε
523 4107 584 4189 γάρ
607 4108 783 4189 προστάτης
805 4113 861 4170 τοῦ
886 4106 993 4187 δήμου
1017 4102 1172 4171 καταστάς
1198 4154 1203 4165 .
1227 4153 1233 4164 .
1254 4153 1284 4165 ..

170 4219 245 4281 μετὰ
276 4219 310 4279 ὑί,-
339 4223 433 4278 ταίντα
466 4214 656 4296 Κλετσίλίντγς
686 4264 692 4275 .
718 4263 723 4274 .
749 4263 754 4274 .
781 4263 786 4275 .
816 4214 866 4276 ε’·πί
895 4212 930 4275 άὲ
956 4211 1058 4291 τούτῳ
1090 4212 1158 4292 θεμ
1182 4261 1188 4271 .
1213 4260 1219 4271 .
1244 4259 1250 4270 .
1277 4260 1284 4272 .

170 4326 203 4389 τὸ
234 4327 269 4386 ὁὶ·
299 4325 473 4387 τελευταῖον
502 4322 568 4402 ΙΙερ
599 4370 706 4391 ,...,
740 4320 793 4384 ubi
824 4317 965 4383 Orellius
996 4317 1136 4382 (tellieeiI
1166 4319 1285 4383 ἐκεῖνος
