2932 5032
257 372 307 438 44

257 597 340 658 quae
371 597 442 644 cum
471 604 516 644 τοι
547 578 745 661 compositae
776 583 860 661 sunt,
885 599 959 645 raro
991 580 1077 661 apud
1099 580 1305 663 Hyperidem
1334 581 1383 647 in·

256 683 440 750 veniantur.

345 792 465 858 Restat
487 797 525 858 ut
551 812 697 859 moneam
721 794 906 878 Lycurgum
931 797 965 860 et
987 792 1185 859 Dinarchum
1208 795 1381 877 particula

257 918 401 966 retrusos
424 920 488 966 non
512 919 593 966 esse.

662 1191 857 1278 CAPUT
905 1193 976 1277 ΙΙΙ.

471 1421 521 1486 ΒΘ
544 1421 728 1503 particulis
749 1428 917 1503 τοιγαροῦν
940 1421 976 1485 et
997 1423 1161 1505 τοιγάρτοι.

347 1545 398 1609 De
434 1544 619 1628 synonymis
650 1544 821 1626 particulis
853 1551 1022 1627 τοιγαροῦν
1055 1551 1090 1611 et
1122 1547 1278 1627 τοιγάρτοι
1316 1547 1381 1613 hoc

258 1651 398 1716 maxime
418 1652 609 1717 oronendum
628 1655 677 1718 est
694 1672 789 1717 unum
806 1653 1005 1733 eundemque
1024 1656 1187 1719 oratorem
1204 1657 1381 1734 utrumque

259 1759 450 1823 vocabulum
482 1758 638 1824 adhibere
667 1779 730 1823 non
760 1760 874 1825 solere.
927 1759 1024 1840 Apud
1047 1758 1244 1824 Andocidem
1275 1760 1381 1826 solum

260 1865 441 1932 invenimus
470 1868 629 1949 τοιγάρτοι
659 1866 710 1932 bis
741 1867 781 1952 (I,
810 1873 871 1932 loa
896 1870 931 1931 et
958 1866 1049 1951 119);
1080 1866 1164 1932 idem
1193 1865 1317 1932 accidit
1345 1867 1380 1933 in

260 1975 343 2036 orat.
363 1972 419 2053 IV,
441 1991 536 2051 quam
560 1974 601 2037 ab
620 1972 788 2037 Andocide
808 1970 871 2037 viri
896 1971 983 2037 docti
1007 1971 1196 2036 abiudicant
1220 1969 1288 2056 (12,
1310 1972 1381 2059 22).

262 2115 301 2126 -
324 2078 443 2162 Lysias
462 2098 587 2159 quoque
606 2081 763 2162 τοιγάρτοι
784 2084 922 2161 usurpat
941 2080 1064 2145 duobus
1082 2078 1177 2144 locis:
1196 2078 1321 2160 XXVI,
1338 2087 1381 2146 20

261 2191 296 2252 et
326 2186 453 2268 XXXI,
485 2192 537 2252 24.
573 2224 613 2233 -
647 2186 754 2252 Aliter
786 2204 839 2251 res
871 2205 907 2253 sc
938 2187 1040 2251 habet
1071 2186 1159 2267 apud
1188 2185 1381 2268 Isocratem,

262 2293 348 2374 apud
380 2312 473 2372 <luem
503 2300 670 2376 τοιγαροῦν
702 2297 834 2374 praesto
867 2297 919 2358 est
951 2291 1072 2357 sexies:
1104 2292 1160 2374 IV,
1194 2296 1266 2373 136,
1301 2298 1382 2376 1593

261 2399 333 2481 VII,
357 2406 415 2482 483
438 2400 498 2479 XI,
524 2406 553 2480 6,
581 2405 635 2481 173
661 2400 733 2480 XV,
762 2407 833 2465 138.
876 2401 1030 2482 τοιγάρτοι
1053 2398 1209 2480 scriptum
1232 2398 1384 2465 Videmus

261 2509 333 2590 VII,
364 2514 405 2573 52
436 2513 470 2572 et
498 2507 570 2589 XV,
598 2513 670 2572 126.
723 2506 769 2571 Ut
799 2507 864 2573 illis
895 2507 1094 2588 temporibus
1124 2505 1288 2589 particula
1315 2532 1381 2571 τοι-

262 2623 382 2698 γαροῦν
407 2615 543 2680 alteram
562 2633 673 2680 vocem
692 2616 848 2697 τοιγάρτοι
871 2633 928 2679 suo
948 2615 1017 2678 loco
1037 2613 1207 2695 paullatim
1230 2614 1383 2698 moverit,

262 2741 302 2786 ex
326 2740 386 2787 usu
404 2720 597 2802 scriptorum
623 2719 772 2785 efficitur.
810 2721 906 2786 Plato
930 2720 964 2785 in
983 2719 1122 2802 dialogis
1145 2719 1384 2801 posterioribus

261 2830 362 2894 solum
393 2836 561 2911 τοιγαροῦν
594 2828 776 2910 usmpavit,
808 2829 997 2909 plerumque
1028 2827 1220 2908 Xenophon,
1251 2845 1383 2909 semper

261 2936 457 3001 Aristoteles
495 2934 550 3019 (ef.
589 2934 720 3015 Hoefer,
759 2936 798 3000 de
840 2935 990 3016 particnl.
1029 2935 1158 2999 Platon.
1200 2953 1275 3016 pag.
1311 2935 1383 3017 40).

262 3041 364 3123 Quam
399 3040 498 3105 facile
534 3042 589 3103 νιιιὶ
624 3043 683 3122 γάρ
720 3065 765 3101 τοι
804 3059 873 3105 cum
915 3042 1070 3121 τοιγάρτοι
1116 3037 1243 3105 librarii
1285 3039 1385 3122 culpa

262 3149 425 3213 inmmtari
446 3148 550 3228 possit
575 3167 667 3212 nemo
692 3153 743 3211 est
764 3145 841 3226 (puin
865 3147 1047 3228 intellegat.
1091 3145 1137 3212 Ut
1156 3145 1227 3227 VII,
1248 3150 1291 3210 30
1309 3146 1384 3213 cod.

265 3257 451 3337 Fpraebet
478 3257 530 3318 κοὶ
562 3257 620 3337 γάρ
643 3280 698 3336 τοι,
724 3255 861 3335 vulgata
891 3254 988 3319 lectio
1018 3258 1069 3319 est
1091 3254 1255 3336 τοιγάρτοι.
1301 3254 1384 3319 Cum

263 3363 386 3427 (luctibus
418 3362 507 3442 loris,
543 3381 621 3442 euos
654 3362 761 3442 attuli,
796 3381 905 3425 omues
937 3360 1012 3425 libri
1048 3363 1202 3442 τοιγάρτοι
1233 3359 1384 3442 tradant,

263 3475 389 3534 mutare
415 3488 511 3534 armus
535 3490 596 3534 nou
622 3489 701 3549 sum,
727 3488 931 3549 qrrrnmquam,
956 3468 982 3533 si
1007 3468 1173 3534 nobiscum
1193 3472 1388 3548 reputamus

263 3578 348 3657 aplltl
368 3577 545 3640 Isocraten
566 3584 735 3656 τοιγαροῦν
755 3584 885 3640 exstare
906 3575 1022 3656 sexies,
1044 3577 1097 3638 uni
1121 3577 1182 3657 γάρ
1201 3598 1248 3638 τοι
1266 3575 1385 3657 octieS,

264 3684 410 3749 conicere
435 3702 603 3764 possumus
628 3682 691 3747 illis
716 3702 842 3763 qumque
866 3682 944 3747 locis
973 3689 1135 3747 oratorem
1164 3682 1306 3746 fortasse
1329 3685 1385 3746 κοὶ

264 3795 323 3874 γάρ
345 3817 389 3854 τοι
415 3791 594 3872 scripsisse.
637 3790 688 3855 Ex
712 3789 896 3855 oratoribus
916 3790 1087 3872 lp'eurnus
1105 3786 1296 3870 saepissime
1318 3813 1385 3853 τοι-

264 3907 384 3982 γοροῦν
414 3919 489 3963 usus
521 3904 580 3979 est,
606 3898 713 3963 sexies
743 3898 775 3962 in
806 3896 1023 3978 paragraphis
1057 3902 1131 3976 1503
1156 3893 1218 3961 loci
1248 3893 1386 3962 bisunt

265 4013 316 4085 72,
337 4014 389 4083 ae,
413 4011 483 4069 loo.
509 4012 580 4084 lere,
605 4010 674 4069 ill.
699 4011 770 4067 1:33.
797 4041 836 4048 —
859 4003 953 4083 Apud
978 4001 1177 4084 Hyperidem
1200 3999 1387 4067 invenimus

263 4118 428 4191 τοιγαροῦν·
454 4111 551 4173 scillei
578 4118 650 4190 (pro
675 4109 757 4172 Ellx.
783 4115 836 4188 45,
864 4114 927 4193 14).

353 4218 459 4281 Aliter·
484 4237 535 4279 res
567 4238 600 4278 se
629 4217 730 4279 lralmt
760 4215 845 4296 apud
869 4215 1077 4280 Aeschinem:
1108 4215 1132 4294 l,
1157 4221 1209 4295 92,
1238 4218 1314 4295 140;
1338 4214 1384 4296 11,

269 4330 329 4389 llo
367 4323 399 4388 iu
441 4322 587 4387 οιιιιιίΙιιιτ1
629 4322 792 4388 codicibus
833 4324 982 4404 τοιγάρτοι
1026 4321 1182 4405 scriptum
1223 4320 1383 4388 videmus
