2932 5032
232 290 281 357 40

318 493 416 574 Apud
438 489 640 557 Andocidem
671 490 835 573 partieula
864 514 911 552 τοι
940 489 1025 553 male
1049 486 1175 552 tradita
1193 492 1254 552 est.
1278 486 1306 568 Ι,
1332 492 1353 551 3

230 599 299 664 cod.
331 598 401 663 AB
431 598 545 680 legunt
578 598 691 661 ὁπόσοι
719 597 780 679 μὲν
811 595 871 678 γὰρ
905 595 951 678 μὴ
990 595 1149 677 ἠθέλησαν
1185 595 1354 675 ὑπομεῖναι

229 708 432 788 καταγνόντες
456 708 561 768 αὐτῶν
581 706 717 778 ἀδικίαν,
741 705 872 774 εἰκότως
893 727 939 766 τοι
957 703 1010 765 καὶ
1028 704 1116 783 ὑμεῖς
1133 707 1259 765 τοιαῦτα
1278 702 1353 783 περὶ

230 815 337 876 αὐτῶν
375 815 540 896 γινώσκετε
578 809 622 896 (Α
661 831 754 894 corr„
792 813 964 893 γινώσκητε
1000 809 1038 890 B,
1079 809 1268 890 γινώσκηται
1310 809 1349 894 L,

230 923 413 1008 γινώσκοιτε
436 919 476 1004 Ζ)
501 920 552 983 οἷά
575 944 636 1001 περ
661 920 715 982 καὶ
738 919 828 982 αὐτοὶ
850 918 920 1000 περὶ
944 923 1038 999 σφῶν
1061 917 1168 979 αὐτῶν
1187 918 1350 998 ἔγνωσανε

228 1048 287 1110 pro
311 1054 357 1093 τοι
380 1029 450 1094 eod.
474 1028 542 1092 LZ
566 1029 727 1110 praebent
751 1029 848 1109 οὗτοί,
874 1026 958 1106 quod
987 1023 1080 1089 nihili
1108 1029 1168 1090 est.
1200 1024 1352 1091 Blassius

229 1139 264 1200 et
294 1133 488 1200 Turioenses
518 1136 712 1214 receperunt
743 1157 791 1196 τοι
822 1181 830 1196 .
856 1182 862 1195 .
889 1182 929 1194 ..
966 1132 1144 1212 γινώσκετε,
1176 1129 1351 1196 Bekkerus

227 1241 312 1324 legit
341 1242 472 1312 εἰκότως
502 1244 541 1304 ἂν
574 1291 580 1303 .
608 1291 614 1303 .
640 1291 646 1304 .
674 1291 680 1304 .
713 1241 902 1320 γινώσκοιτε.
941 1236 1038 1301 Ferri
1067 1240 1179 1318 potest
1209 1240 1351 1317 utraque

227 1348 342 1430 leotio;
374 1348 458 1428 qnod
488 1348 659 1412 Bekkerus
693 1345 829 1427 recepit,
867 1345 1110 1411 commendatur
1148 1343 1189 1408 iis
1224 1343 1350 1431 verbis

231 1474 315 1536 quae
335 1455 547 1520 antecedunt:
562 1455 692 1523 εἰκότως
717 1455 746 1516 ‹l'
762 1455 809 1526 ἄν,
828 1451 857 1516 ώ
881 1453 1001 1534 ἄνδρες,
1020 1452 1076 1534 τὴν
1099 1453 1196 1534 αὐτὴν
1214 1453 1352 1534 γνώμην

228 1565 327 1645 ἔχοιτε
352 1613 358 1626 .
382 1613 386 1624 .
410 1612 416 1624 .
439 1612 469 1643 .,
499 1579 603 1640 neque
627 1579 705 1626 vero
735 1559 848 1641 optimi
872 1558 993 1624 oodiois
1018 1557 1216 1623 auctoritate
1239 1557 1352 1623 defen-

229 1668 327 1734 ditur.
373 1668 543 1734 Partioula
571 1692 618 1731 τοι
643 1666 941 1748 optimelroolooo
965 1657 1138 1731 sehabet:
1170 1667 1289 1730 haereo
1314 1665 1351 1731 in

228 1796 268 1842 ea
299 1781 426 1841 lantum
456 1794 502 1857 re,
534 1775 620 1855 quod
649 1774 684 1839 in
714 1773 833 1839 ceteris
864 1773 950 1855 apud
980 1771 1179 1838 Andocidem
1208 1796 1253 1834 τοι
1282 1792 1350 1838 non

227 1883 401 1949 invenitur.
422 1918 463 1927 -
483 1882 509 1964 I,
533 1888 549 1947 l
575 1881 703 1948 codices
723 1881 858 1945 tradunt
876 1881 989 1963 σχεδόν
1006 1906 1033 1943 τι
1051 1882 1163 1950 πάντες
1180 1881 1350 1943 ἐπίστασθε

227 1994 361 2073 praeter
392 1989 431 2072 A,
466 1988 519 2069 qui
551 1990 690 2070 praebet
721 2012 778 2052 τοι.
839 1987 888 2052 De
925 1986 1065 2053 lectione
1103 1986 1246 2052 dubitari
1282 2006 1350 2052 non

226 2102 352 2181 potest3
379 2117 475 2177 quam
498 2115 598 2178 saepe
622 2096 732 2178 σχεδόν
754 2121 781 2159 τι
810 2094 1114 2176 scriptores-Attici
1139 2092 1351 2159 adhibuerint

226 2224 319 2270 nemo
347 2203 452 2270 nescit
483 2202 538 2287 (of.
564 2202 650 2285 apud
674 2203 801 2268 Isaeum
826 2202 916 2284 Vffl,
941 2207 983 2266 40
1008 2203 1124 2284 σχεδόν
1146 2226 1181 2274 τι,
1206 2201 1237 2264 Α
1261 2220 1347 2266 oorr.

231 2318 246 2377 1
272 2310 333 2396 τοι)
358 2311 416 2396 (ΙΙ,
442 2318 460 2376 2
486 2310 555 2374 cod.
580 2312 607 2375 B
630 2330 688 2391 pro
712 2313 744 2373 εἴ
759 2335 785 2373 τι
809 2309 925 2375 scribit
948 2312 980 2372 εἴ
996 2308 1067 2394 τοι).

317 2419 437 2502 Lysias
452 2417 648 2500 particulam
666 2443 712 2481 τοι
727 2416 832 2482 tribus
851 2418 931 2483 locis
947 2417 1126 2499 usurparit,
1143 2417 1201 2482 sed
1220 2436 1349 2500 semper

229 2547 299 2592 eum
331 2527 437 2591 altera
468 2525 606 2605 quadam
639 2524 801 2606 particula
832 2525 1004 2590 coniuncta
1032 2529 1092 2590 est.
1116 2524 1207 2605 VIII,
1235 2531 1274 2590 18
1302 2524 1349 2590 iu·

232 2632 378 2699 venimus
402 2631 659 2698 coniunctionem
683 2633 751 2695 ἐπεί
771 2656 825 2696 τοι.
851 2669 892 2678 -
916 2632 1055 2712 XXVII,
1079 2638 1119 2696 10
1143 2636 1179 2697 et
1201 2631 1348 2713 XXX,4

230 2745 363 2823 praesto
397 2744 449 2804 est
479 2741 532 2803 καὶ
566 2740 626 2822 γάρ
659 2764 714 2811 τοι,
748 2738 781 2803 in
815 2758 878 2818 qua
915 2737 1140 2803 coniunctione
1175 2739 1244 2804 fere
1277 2739 1349 2804 sola

229 2848 317 2930 apud
354 2846 552 2928 posteriores
587 2853 735 2911 oratores
767 2845 897 2910 Atticos
929 2870 976 2909 τοι
1008 2849 1128 2910 exstat.
1183 2846 1244 2911 Illo
1277 2846 1348 2912 loeo

229 2953 292 3019 vim
326 2952 538 3018 conclusionis
575 2951 672 3016 facile
702 2951 929 3033 intellegimus
960 2951 1013 3016 hio
1047 2952 1137 3017 loeus
1171 2951 1349 3034 singularis

229 3064 280 3126 est
318 3079 357 3125 ea
393 3079 439 3139 re,
480 3059 566 3138 quod
601 3060 654 3121 καὶ
689 3059 750 3140 γάρ
783 3082 831 3121 τοι
864 3057 980 3139 incipit
1011 3058 1215 3124 enuntiatum
1251 3059 1350 3126 inter·

228 3165 424 3248 rogativum,
446 3165 530 3244 quod
555 3162 641 3245 apud
665 3170 791 3229 eeteros
815 3167 962 3228 oratores
982 3184 1045 3229 non
1070 3164 1179 3230 inveni
1199 3164 1289 3249 (XII,
1308 3172 1348 3230 13

230 3275 263 3337 ἐν
294 3274 425 3354 τοιούτῳ
457 3273 486 3335 δ’
503 3274 566 3334 ὄντι
595 3296 650 3353 μοι
680 3272 871 3335 κινδυνεύειν
902 3272 1005 3334 ἐόόκει
1038 3272 1107 3337 cod.
1140 3272 1164 3338 C
1199 3291 1257 3354 pro
1291 3298 1349 3355 μοι

229 3377 312 3459 legit
334 3377 406 3461 τοι).

319 3484 422 3547 Multo
446 3484 577 3565 saepius
601 3503 695 3564 quam
720 3483 752 3548 in
776 3482 924 3566 genuinis
949 3485 1081 3568 scriptis
1106 3511 1151 3550 τοι
1175 3485 1350 3552 rudhibetur

230 3590 262 3657 in
294 3590 473 3672 epitaphio,
505 3609 598 3669 oriem
630 3589 773 3670 allysia
803 3590 982 3672 profectum
1014 3613 1077 3658 non
1108 3612 1179 3659 esse
1208 3599 1348 3659 constat.

232 3696 415 3777 Usurpatur
451 3695 613 3777 particula
652 3695 683 3759 iu
719 3695 781 3759 luae
813 3716 939 3777 quoque
972 3699 1119 3763 oratioue
1152 3705 1280 3764 tautum
1316 3699 1349 3764 in

232 3806 454 3871 coniunctione
479 3808 533 3869 καὶ
556 3808 616 3888 γάρ
639 3828 700 3887 τοι;
729 3806 791 3871 1οεί
822 3807 854 3871 1ιί
879 3815 968 3873 sunt:
992 3809 1035 3888 Il,
1062 3816 1113 3889 20,
1139 3816 1191 3889 96,
1218 3816 1270 3889 63,
1297 3816 1348 3877 79.

232 3920 284 3977 80.
318 3914 512 3991 Plerumque
531 3913 579 3978 ita
599 3913 781 3994 adhibetur,
797 3920 833 3978 ut
852 3915 915 3980 viru
937 3916 1150 3982 oorlclusiouis
1167 3916 1349 3997 contineam

232 4019 397 4083 tormentit»
431 4027 539 4083 alitem
572 4040 643 4084 enm
674 4021 829 4084 Kaulowa
861 4022 1122 4105 (Bumerkmmen
1153 4045 1181 4088 z.
1214 4024 1351 4106 Spraelu·

232 4128 396 4205 pebrnurlr
421 4127 451 4190 ll.
476 4126 642 4191 llemosth.
670 4164 708 4172 —-
736 4127 850 4205 l'uurr.
876 4130 906 4193 ll.
932 4150 1048 4207 eveum.
1074 4131 1286 4196 l'iirsleusolr.
1311 4151 1350 4196 zu

231 4233 324 4303 l'less
359 4232 466 4317 1883).
500 4233 552 4313 qui
584 4234 669 4297 liano
700 4234 933 4314 particularum
964 4237 1220 4304 eoruionotiomm
1252 4238 1352 4320 expli-
