2932 5032
1217 413 1264 479 37

149 615 218 695 ἅμα
247 620 284 695 τῇ
312 637 344 677 τε
371 613 459 676 πόλει
483 614 616 695 βοηθεῖν
645 616 736 676 οἴεται
765 615 827 676 δεῖν
855 615 908 677 καὶ
937 616 1027 698 δίκην
1055 617 1136 699 ὑπὲρ
1169 619 1267 680 αὑτοῦ

149 721 264 803 λαβεῖν,
297 719 424 801 XXIII,
460 724 515 802 133
548 719 704 802 XXXVI,
739 727 794 803 27;
828 721 930 798 LVII,
966 727 1017 786 25.
1057 760 1097 768 -
1137 726 1205 806 ἅμα
1237 749 1269 787 τε

150 831 262 892 exstat
290 827 416 908 XXIII,
444 832 505 892 126
534 829 601 909 ἅμα
629 828 782 898 τάὐτοὺς
813 831 852 892 ἂν
879 831 1043 911 τυγχάνειν
1064 831 1186 895 τούτων
1216 832 1270 894 καί

150 933 226 1016 παρ’
239 936 314 1016 ἡμῖν
338 935 433 997 οἰκεῖν
456 934 510 997 καί
531 935 669 1015 μετέχειν
694 985 700 998 .
727 984 733 996 .
759 985 765 996 .
791 982 817 1008 .,
841 939 876 999 et
897 935 1054 1018 XXVIII,
1083 942 1121 1001 16
1149 939 1216 1019 ἅμα
1239 962 1271 1000 τε

155 1040 334 1124 Θηριππίδῃ
364 1038 449 1124 (cod.
473 1041 512 1114 Σ,
538 1039 640 1105 ceteri
663 1040 738 1106 libri
762 1044 829 1124 ἅμα
860 1041 896 1106 Θ.
918 1041 973 1127 τε.)
997 1081 1038 1089 -
1067 1068 1099 1106 τε
1127 1045 1194 1125 ἅμα
1226 1042 1271 1108 in·

152 1149 298 1216 venimus
333 1149 457 1230 XXIV,
496 1154 516 1213 8
552 1155 607 1213 τοῦ
642 1151 808 1233 βοηθῆσαί
846 1152 881 1214 θ’
908 1153 976 1233 ἅμα
1012 1158 1049 1236 τῇ
1090 1153 1177 1215 πόλει
1217 1153 1272 1215 καὶ

152 1259 305 1340 τιμωρίαν
331 1306 337 1320 .
364 1308 370 1320 .
398 1308 404 1319 .
432 1308 437 1320 .
463 1257 577 1338 λαβεῖν.
603 1294 643 1302 -
672 1256 829 1338 XXXVI,
855 1263 873 1321 3
899 1260 966 1340 ἅμα
989 1257 1023 1322 in
1046 1258 1109 1324 fine
1133 1258 1270 1324 alterius

152 1361 287 1427 membri
323 1361 461 1442 positum
502 1365 562 1425 est.
631 1360 811 1426 Praeterea
848 1365 1122 1444 ἅμα-τε-καί
1161 1368 1273 1429 exstat

152 1469 242 1547 XVI,
267 1475 307 1533 27
334 1467 377 1555 (F
396 1466 518 1552 Yov)
543 1471 577 1532 et
599 1467 672 1550 XV,
699 1470 741 1532 24
764 1466 912 1552 (praeter
934 1467 1107 1555 ΣΩιιν).

242 1575 288 1641 Ut
307 1575 410 1641 ceteri
430 1580 577 1640 oratores
596 1574 644 1639 ita
662 1575 900 1641 Demosthenes
919 1577 1081 1642 nonnullis
1101 1576 1180 1643 locis
1201 1597 1273 1642 eam

153 1685 326 1749 verborum
357 1681 601 1746 collocationem
632 1681 776 1763 adhibet,
802 1687 839 1747 ut
862 1685 973 1764 verba,
999 1701 1081 1764 quae
1113 1683 1156 1748 ad
1180 1685 1273 1748 ambo

154 1793 299 1856 membra
344 1794 502 1870 spectent,
545 1789 632 1854 inter
679 1789 859 1870 particulas
901 1795 1012 1870 ponat.
1078 1791 1273 1870 Plerumque

155 1903 262 1963 autem
295 1898 356 1962 hoc
386 1897 478 1962 modo
511 1916 608 1960 unum
639 1900 766 1961 tantum
800 1901 858 1960 aut
891 1897 952 1962 duo
985 1897 1145 1963 vocabula
1177 1897 1276 1963 inter-

154 2009 327 2086 ponuntur,
351 2009 388 2069 ut
410 2004 453 2084 II,
477 2009 515 2069 15
540 2011 603 2073 τοῖς
626 2006 731 2074 αὐτοῖς
753 2004 908 2067 Φίλιππόν
931 2029 962 2067 τε
984 2007 1103 2087 χαίρειν
1127 2006 1179 2067 καὶ
1202 2005 1276 2075 τοὺς

155 2113 363 2195 ἀρχομένους,
391 2111 484 2189 XIX,
510 2117 573 2176 222
604 2113 744 2193 κάκείνῳ
768 2114 788 2173 τ’
811 2112 932 2194 ἐχθρὸν
961 2111 1039 2175 εἷναι
1068 2113 1123 2174 καὶ
1145 2113 1274 2185 τούτοις,

156 2218 197 2284 cf.
227 2219 303 2300 XX,
338 2223 414 2300 1543
452 2218 545 2299 XXI,
579 2225 630 2299 10,
662 2224 740 2300 2243
778 2218 888 2300 XXII,
922 2225 955 2299 13
986 2219 1113 2300 XXIII,
1148 2223 1210 2284 151
1243 2223 1278 2284 et

157 2325 296 2408 saepius.
350 2325 539 2406 Complures
570 2344 666 2391 voces
697 2325 913 2406 interpositae
943 2329 1021 2391 sunt
1049 2325 1223 2408 XXXVII,
1256 2331 1275 2389 8

155 2439 218 2497 τῶν
241 2435 346 2497 αὐτῶν
364 2435 452 2514 παρά
476 2458 508 2496 τε
531 2440 585 2497 τοῦ
604 2433 817 2515 πεποιηκότος
841 2433 961 2503 δίκαιός
980 2434 1040 2496 ἐστι
1060 2433 1149 2516 δίκην
1170 2431 1278 2515 λαβεῖν

156 2542 209 2604 καὶ
231 2540 306 2623 παρ’
320 2543 398 2623 ἐμοῦ
422 2548 479 2604 τοῦ
502 2541 579 2623 μηδ’
597 2541 835 2623 ἐπιδημοῦντος,
858 2540 934 2622 XX,
961 2545 1012 2622 34,
1040 2545 1113 2604 163.

244 2648 333 2712 Raro
357 2647 404 2729 fit,
428 2652 465 2712 ut
487 2648 574 2712 inter
596 2650 742 2710 τε-καί
763 2648 955 2711 collocatum
978 2646 1023 2711 sit
1047 2646 1186 2711 alterum
1211 2649 1276 2729 καί,

157 2753 241 2833 quod
264 2752 365 2834 priori
384 2754 527 2818 membro
552 2751 676 2832 aliquid
695 2751 852 2833 adnectit,
872 2771 935 2815 non
961 2751 1003 2816 ad
1020 2776 1052 2815 τε
1070 2750 1276 2816 referendum

157 2865 222 2925 est:
246 2861 272 2942 I,
295 2867 333 2925 17
358 2861 441 2943 φημὶ
466 2861 503 2942 δὴ
530 2861 601 2942 διχῇ
620 2860 800 2941 βοηθητέον
823 2858 899 2922 εἶναι
921 2865 984 2929 τοῖς
1003 2859 1185 2940 πράγμασιν
1204 2860 1278 2941 ὑμῖν

156 2976 203 3048 τῷ
224 2992 256 3030 τε
275 2967 329 3037 τὰς
353 2967 457 3037 πόλεις
480 2973 545 3035 τοῖς
559 2964 740 3036 Ὀλυνθίοις
764 2966 876 3047 σῴζειν
894 2965 949 3027 καὶ
971 2965 1044 3035 τοὺς
1066 2971 1159 3028 τοῦτο
1183 2967 1275 3047 ποιή-

157 3097 270 3144 σοντας
300 3075 494 3155 στρατιώτας
528 3073 706 3154 ἐκπέμπειν,
740 3072 793 3133 καὶ
832 3080 877 3154 τῷ
914 3071 971 3153 τὴν
1008 3072 1127 3134 ἐκείνου
1165 3072 1277 3154 χώραν

157 3187 270 3251 κακῶς
297 3187 396 3243 ποιεῖν
427 3180 481 3242 καὶ
510 3182 648 3262 τριήρεσι
677 3180 730 3241 καὶ
760 3180 962 3261 στρατιώταις
990 3179 1117 3260 ἑτέροις,
1150 3178 1276 3259 XVHI,

158 3293 221 3352 286
241 3287 395 3370 ἀμφότερ’
415 3287 540 3369 ᾔδεσαν,
560 3288 615 3367 τήν
634 3288 656 3347 τ’
676 3286 757 3368 ἐμὴν
781 3288 908 3348 εὔνοιαν
926 3286 980 3348 καὶ
997 3285 1181 3367 προθυμίαν
1198 3335 1205 3347 .
1223 3335 1229 3348 .
1246 3335 1252 3347 ,
1271 3334 1276 3348 .

157 3393 287 3476 κοίτην
309 3393 464 3475 ὑμετέραν
488 3393 625 3454 ἀδικίαν.
651 3389 690 3454 cf.
715 3390 842 3470 XXIII,
870 3396 924 3473 133
948 3390 1122 3472 XXXVII,
1148 3395 1202 3454 48.

245 3501 291 3565 Ut
318 3518 417 3580 supra
447 3495 704 3578 commemoravi,
735 3496 858 3578 XVIII,
885 3502 948 3561 310
980 3500 1091 3562 exstat
1117 3495 1278 3561 inusitata

158 3605 340 3672 coniunctio
377 3606 469 3687 ἀνδρὶ
505 3606 597 3686 καλῷ
632 3629 664 3667 τε
700 3605 841 3687 κάγαθῷ
882 3602 993 3689 (luceo,
1036 3603 1150 3684 quibus
1192 3603 1278 3684 apud

157 3719 303 3778 oratores
335 3715 419 3779 hano
453 3712 708 3777 coniunctionem
747 3711 938 3793 invenimus,
971 3709 1017 3775 ibi
1053 3708 1175 3794 attuli).
1232 3711 1278 3775 Ut

158 3819 244 3900 apud
262 3820 442 3885 Isocratem
460 3820 520 3884 hoc
538 3818 684 3900 recipere
704 3818 898 3899 dubitamus
924 3817 972 3882 ita
990 3817 1043 3882 hic
1063 3816 1277 3897 suspicionem

157 3931 280 4009 movet;
305 3928 466 4007 praebent
488 3952 519 3990 τε
538 3944 648 3990 omnes
668 3925 796 3988 codices
819 3944 882 3988 uno
908 3923 938 3985 Ω
957 3927 1109 4004 excepto:
1135 3922 1276 3987 fortasse

158 4053 228 4099 cum
251 4032 374 4099 Fuhrio
399 4033 602 4099 scribendum
627 4037 679 4097 est
702 4056 745 4113 γε.

245 4143 284 4207 In
303 4141 423 4224 spuriis
442 4141 643 4207 orationibus
662 4142 807 4203 τε-καί
824 4138 875 4203 his
898 4137 978 4204 locis
999 4143 1123 4204 exstat:
1143 4138 1275 4219 VH,12

157 4246 232 4332 (0111.
256 4273 288 4311 τε
311 4249 345 4310 Σ
359 4248 387 4312 F
401 4248 455 4332 L),
490 4252 540 4327 14,
572 4252 624 4331 25,
657 4251 708 4326 32,
734 4251 790 4326 46;
821 4246 864 4327 X,
891 4251 942 4326 62,
969 4252 1010 4309 70
1035 4242 1091 4327 (=
1108 4243 1197 4325 VIII,
1224 4250 1275 4325 60,

159 4354 229 4441 67),
252 4355 312 4437 Xl,
338 4361 356 4418 9
390 4353 446 4438 (=
461 4355 503 4436 II,
532 4353 597 4436 15),
622 4360 678 4435 22;
710 4352 786 4434 XII,
811 4357 842 4434 4,
871 4358 925 4416 16;
956 4351 1065 4435 priore
1088 4352 1158 4415 loco
1183 4350 1277 4417 collo-
